Uid,Time,Symbol,C/P,Trade,Side,Str,Spot,Exp,Size,Prems,Price,Bid,Ask,Vol,OI,Ivol,Label,Events,Details
14479225,2023-02-06 10:51:33,UBER,CALL,,TO ASK,35,33.09,2023-09-15,100,46.10K,4.61,4.55,4.65,528,3146,48.28,,,
14479223,2023-02-06 10:51:33,UBER,CALL,,TO BID,37.5,33.09,2024-01-19,100,49.10K,4.91,4.85,5,344,7081,45.92,,,
14479230,2023-02-06 10:51:31,AAPL,CALL,SWEEP,AT ASK,150,152.24,2023-02-17,85,39.52K,4.65,4.6,4.65,2454,50589,32.19,,,
14479214,2023-02-06 10:51:31,GM,CALL,,TO BID,40,41.24,2023-04-21,99,32.47K,3.28,3.25,3.35,432,2827,33.23,,,
14479224,2023-02-06 10:51:30,QQQ,PUT,SWEEP,BLW BID,305,304.42,2023-02-06,268,41.17K,1.54,1.6,1.62,19016,11550,41.74,,,
14479222,2023-02-06 10:51:30,TSLA,CALL,SWEEP,ABV ASK,200,193.54,2023-02-10,58,31.16K,5.37,5.3,5.35,70591,28709,95.95,,,
14479221,2023-02-06 10:51:30,TSLA,CALL,SWEEP,,192.5,193.51,2023-02-10,55,45.69K,8.31,8.25,8.35,13694,4284,92.98,,,
14479220,2023-02-06 10:51:30,PINS,CALL,SPLIT,AT ASK,25,27.4,2023-06-16,90,48.15K,5.35,5.3,5.35,261,6573,61.16,,Pre-Earnings,
14479217,2023-02-06 10:51:30,AAPL,PUT,SWEEP,AT ASK,135,152.17,2023-06-16,416,162.24K,3.9,3.85,3.9,613,39003,31.97,,,
14479213,2023-02-06 10:51:30,QQQ,CALL,,TO ASK,307,304.38,2023-03-24,122,121.63K,9.97,9.92,9.98,193,245,24.44,,,
14479210,2023-02-06 10:51:30,AAPL,PUT,,AT ASK,135,152.17,2023-06-16,250,97.50K,3.9,3.85,3.9,483,39003,31.97,,,
14479215,2023-02-06 10:51:29,AAPL,PUT,SWEEP,AT ASK,135,152.15,2023-06-16,84,32.76K,3.9,3.85,3.9,201,39003,31.96,,,
14479238,2023-02-06 10:51:28,SPX,PUT,,ABV ASK,4100,4148.36,2023-05-19,300,4.08M,136,132.1,133.3,503,5411,18.51,SPREAD,,
14479237,2023-02-06 10:51:28,SPX,PUT,,ABV ASK,4100,4148.36,2023-05-19,100,1.36M,136,132.3,133.3,203,5411,18.51,SPREAD,,
14479235,2023-02-06 10:51:28,SPX,PUT,,ABV ASK,4100,4148.36,2023-05-19,100,1.36M,136,132.4,133.2,103,5411,18.51,SPREAD,,
14479234,2023-02-06 10:51:28,SPX,PUT,,ABV ASK,4100,4176.45,2023-07-21,500,8.44M,168.8,165.4,166.4,504,2345,18.81,SPREAD,,
14479211,2023-02-06 10:51:28,TSLA,CALL,SWEEP,TO ASK,200,193.45,2023-04-21,200,442.00K,22.1,22,22.15,2906,8845,69.27,,,
14479203,2023-02-06 10:51:28,TSLA,CALL,,AT ASK,200,193.43,2023-04-21,155,342.55K,22.1,22,22.1,2906,8845,69.31,,,
14479233,2023-02-06 10:51:27,SPX,CALL,,BLW BID,4125,4112.37,2023-02-07,400,604.00K,15.1,17.5,17.9,1670,3430,21.95,,,
14479232,2023-02-06 10:51:27,SPX,CALL,,BLW BID,4125,4112.37,2023-02-07,150,226.50K,15.1,17.5,17.9,1234,3430,21.95,,,
14479231,2023-02-06 10:51:27,SPX,CALL,,BLW BID,4125,4113.21,2023-02-13,188,569.26K,30.28,32.7,33.5,1254,1933,15.53,,,
14479229,2023-02-06 10:51:27,SPX,CALL,,BLW BID,4125,4113.21,2023-02-13,500,1.51M,30.28,32.7,33.5,843,1933,15.53,,,
14479228,2023-02-06 10:51:27,SPX,CALL,,BLW BID,4125,4112.37,2023-02-07,150,226.50K,15.1,17.5,17.9,905,3430,21.95,,,
14479226,2023-02-06 10:51:27,SPX,CALL,,BLW BID,4125,4113.21,2023-02-13,188,569.26K,30.28,32.7,33.5,343,1933,15.53,,,
14479206,2023-02-06 10:51:27,TSLA,CALL,SWEEP,TO BID,200,193.65,2023-02-10,85,45.28K,5.33,5.3,5.4,70526,28709,96.05,,,
14479205,2023-02-06 10:51:26,PINS,CALL,SWEEP,AT ASK,30,27.38,2023-09-15,942,390.93K,4.15,4,4.15,962,709,57.02,OPENING,Pre-Earnings,
14479186,2023-02-06 10:51:25,AMZN,CALL,,,105,101.64,2023-03-17,100,37.20K,3.72,3.7,3.75,8891,49008,37.09,,,
14479183,2023-02-06 10:51:25,GOOG,CALL,,TO BID,82.5,103.13,2023-09-15,250,648.75K,25.95,25.4,26.7,250,281,36.9,,,
14479182,2023-02-06 10:51:25,GOOG,CALL,,AT ASK,117.5,103.13,2023-09-15,250,133.75K,5.35,5.2,5.35,454,2442,29.02,,,
14479207,2023-02-06 10:51:24,QQQ,PUT,SPLIT,AT ASK,295,304.37,2023-03-03,119,48.91K,4.11,4.09,4.11,421,2850,26.21,,,
14479198,2023-02-06 10:51:24,TSLA,CALL,SWEEP,TO ASK,195,193.56,2023-02-10,110,79.41K,7.22,7.15,7.25,34276,8851,93.75,,,
14479236,2023-02-06 10:51:23,SPY,CALL,SWEEP,,408,410.08,2023-02-06,164,40.16K,2.45,2.43,2.45,20267,5725,26.84,,,
14479185,2023-02-06 10:51:23,COIN,PUT,SPLIT,AT BID,70,72,2023-03-17,479,507.74K,10.6,10.6,10.7,2747,3299,124.91,,SSR,
14479175,2023-02-06 10:51:23,DDOG,CALL,,AT ASK,90,78.42,2023-02-17,177,26.90K,1.52,1.47,1.52,1502,1722,92.43,,,
14479173,2023-02-06 10:51:23,SYF,PUT,,TO BID,40,36.27,2023-07-21,54,28.62K,5.3,5.2,5.5,126,89,33.95,,,
14479202,2023-02-06 10:51:22,AMD,CALL,SWEEP,AT BID,92,84.68,2023-02-17,465,34.88K,0.75,0.75,0.76,1306,650,50.22,,,
14479169,2023-02-06 10:51:22,SYF,PUT,,AT BID,40,36.26,2023-07-21,72,38.16K,5.3,5.3,5.5,72,89,33.95,,,
14479227,2023-02-06 10:51:21,SPY,CALL,SWEEP,AT ASK,446,410.06,2023-04-21,166,26.06K,1.57,1.55,1.57,172,4437,14.48,,,
14479193,2023-02-06 10:51:21,CHWY,CALL,,AT ASK,52,48.81,2023-02-10,484,27.10K,0.56,0.54,0.56,564,1753,77.99,,,
14479192,2023-02-06 10:51:21,AMD,PUT,SWEEP,BLW BID,82,84.67,2023-02-10,684,57.23K,0.84,0.84,0.86,7468,3172,52.74,,,
14479219,2023-02-06 10:51:20,SPY,CALL,SWEEP,ABV ASK,409,410.04,2023-02-06,182,31.13K,1.71,1.69,1.71,52438,2081,26.87,,,
14479218,2023-02-06 10:51:20,SPY,CALL,SWEEP,TO ASK,445,410.05,2023-05-19,161,50.21K,3.12,3.08,3.12,1235,798,14.6,,,
14479209,2023-02-06 10:51:20,SPX,CALL,SPLIT,ABV ASK,4120,4110.21,2023-02-06,135,87.59K,6.49,6.3,6.4,11563,763,26.59,,,
14479204,2023-02-06 10:51:20,SPY,PUT,,,397,410,2023-02-13,761,42.62K,0.56,0.54,0.57,1028,344,18.96,OPENING,,
14479201,2023-02-06 10:51:20,NVDA,CALL,SWEEP,AT ASK,215,212.63,2023-02-10,121,54.45K,4.5,4.45,4.5,15162,4476,60.26,,,
14479200,2023-02-06 10:51:20,QQQ,CALL,SWEEP,,304,304.38,2023-02-17,420,273.85K,6.52,6.52,6.52,1122,4396,28.58,,,
14479191,2023-02-06 10:51:20,AMD,PUT,SPLIT,AT BID,80,84.61,2023-03-03,150,30.75K,2.05,2.05,2.06,209,522,46.71,,,
14479187,2023-02-06 10:51:20,ARRY,CALL,SWEEP,AT BID,20,21.03,2023-02-17,1160,197.20K,1.7,1.7,1.85,3478,1090,77.7,OPENING,,
14479179,2023-02-06 10:51:20,TSLA,CALL,SWEEP,TO ASK,195,193.43,2023-02-10,68,48.76K,7.17,7.05,7.2,34163,8851,92.68,,,
14479172,2023-02-06 10:51:20,META,CALL,SWEEP,ABV ASK,192.5,188.56,2023-02-10,230,69.00K,3,2.98,2.99,7058,3531,56.74,,,
14479168,2023-02-06 10:51:20,BX,PUT,SWEEP,AT BID,85,94.5,2023-09-15,117,73.71K,6.3,6.3,6.4,193,1372,38.75,,,
14479162,2023-02-06 10:51:20,CRWD,CALL,,AT ASK,120,113.14,2023-02-10,887,80.72K,0.91,0.9,0.91,3794,4490,64.5,,,
14479157,2023-02-06 10:51:20,VTRS,CALL,,AT BID,11,11.88,2023-03-03,250,26.25K,1.05,1.05,1.1,1048,0,41.24,OPENING,,
14479216,2023-02-06 10:51:19,SPY,PUT,SWEEP,BLW BID,410,409.83,2023-02-10,112,38.97K,3.48,3.53,3.55,12606,15470,20.21,,,
14479212,2023-02-06 10:51:19,SPY,CALL,SWEEP,ABV ASK,410,409.77,2023-02-06,837,87.85K,1.05,0.99,1,126113,2923,26.67,,,
14479199,2023-02-06 10:51:19,GOOGL,CALL,SWEEP,AT ASK,115,102.68,2023-03-17,1055,80.18K,0.76,0.75,0.76,3700,6318,30.34,,,
14479190,2023-02-06 10:51:19,AMD,PUT,SWEEP,AT BID,75,84.59,2023-06-16,66,31.02K,4.7,4.7,4.75,78,17132,48.47,,,
14479189,2023-02-06 10:51:19,AMD,PUT,SWEEP,,80,84.55,2023-02-10,1012,43.49K,0.43,0.43,0.44,5045,5261,54.13,,,
14479188,2023-02-06 10:51:19,QQQ,CALL,SWEEP,ABV ASK,304,304.19,2023-02-07,104,29.61K,2.85,2.73,2.75,5813,278,37.41,,,
14479184,2023-02-06 10:51:19,QQQ,CALL,SWEEP,ABV ASK,304,304.1,2023-02-06,293,42.43K,1.45,1.32,1.33,21046,710,41.57,,,
14479171,2023-02-06 10:51:19,TSLA,CALL,SWEEP,AT ASK,180,193.41,2023-02-10,97,155.20K,16,15.95,16,2800,7994,91.02,,,
14479170,2023-02-06 10:51:19,TSLA,CALL,SWEEP,ABV ASK,200,193.33,2023-02-10,80,42.39K,5.3,5.2,5.25,70398,28709,95.62,,,
14479164,2023-02-06 10:51:19,GOOGL,PUT,,AT BID,106,102.75,2023-02-17,121,53.24K,4.4,4.4,4.45,387,3094,35.07,,,
14479161,2023-02-06 10:51:19,ENPH,CALL,SPLIT,TO ASK,275,227.62,2023-02-10,100,31.87K,3.19,3,3.2,2276,247,162.85,,,
14479159,2023-02-06 10:51:19,GOOGL,PUT,,AT BID,107,102.73,2023-02-17,50,25.75K,5.15,5.15,5.2,238,899,35.26,,,
14479155,2023-02-06 10:51:19,DDOG,CALL,,AT ASK,90,78.32,2023-02-17,173,25.95K,1.5,1.42,1.5,1325,1722,92.4,,,
14479154,2023-02-06 10:51:19,AAPL,PUT,,AT BID,150,152.19,2023-02-10,200,28.00K,1.4,1.4,1.41,39701,31866,35.26,,,
14479153,2023-02-06 10:51:19,SPX,PUT,,ABV ASK,4075,4109.11,2023-02-06,150,29.25K,1.95,1.5,1.6,14767,6032,30.45,SPREAD,,
14479208,2023-02-06 10:51:18,SPY,CALL,SWEEP,ABV ASK,409,409.74,2023-02-06,302,47.21K,1.56,1.51,1.53,52254,2081,26.57,,,
14479177,2023-02-06 10:51:18,DIS,PUT,SWEEP,AT ASK,117,108.99,2023-02-17,117,106.47K,9.1,9,9.1,117,51,50.75,OPENING,,
14479176,2023-02-06 10:51:18,DIS,PUT,SWEEP,TO ASK,117,108.99,2023-02-24,519,479.53K,9.24,9.15,9.25,536,6,42.45,OPENING,,
14479167,2023-02-06 10:51:18,NVDA,CALL,SWEEP,ABV ASK,215,212.21,2023-02-10,131,57.20K,4.37,4.3,4.35,15040,4476,60.69,,,
14479166,2023-02-06 10:51:18,XLK,CALL,SWEEP,AT ASK,144,140.51,2024-01-19,152,211.28K,13.9,13.45,13.9,278,689,24.13,,,
14479165,2023-02-06 10:51:18,AAPL,PUT,SWEEP,BLW BID,150,152.09,2023-02-10,217,30.38K,1.4,1.42,1.43,39717,31866,35,,,
14479163,2023-02-06 10:51:18,QQQ,PUT,SPLIT,AT BID,280,304.07,2023-03-17,250,68.50K,2.74,2.74,2.75,5376,121061,29.21,,,
14479158,2023-02-06 10:51:18,MOS,CALL,SWEEP,AT ASK,50,49.77,2023-03-17,156,41.96K,2.69,2.65,2.69,389,2634,42.64,,,
14479145,2023-02-06 10:51:18,TQQQ,CALL,,TO ASK,25,24.98,2023-03-10,150,32.70K,2.18,2.1,2.19,189,436,73.48,,,
14479144,2023-02-06 10:51:16,SPY,CALL,,AT ASK,410,409.69,2023-02-06,320,30.72K,0.96,0.95,0.96,124628,2923,26.71,,,
14479142,2023-02-06 10:51:16,BABA,PUT,,TO BID,70,104.28,2024-01-19,100,40.40K,4.04,4,4.2,403,11218,50.46,,,
14479150,2023-02-06 10:51:15,SPY,CALL,SWEEP,,410,409.69,2023-02-06,670,64.12K,0.96,0.95,0.96,124935,2923,26.71,,,
14479147,2023-02-06 10:51:15,SPY,CALL,SWEEP,,415,409.68,2023-03-03,105,55.55K,5.29,5.28,5.32,1119,5448,16.46,,,
14479143,2023-02-06 10:51:14,SPY,CALL,SWEEP,ABV ASK,409,409.6,2023-02-06,196,28.61K,1.46,1.43,1.44,51795,2081,26.9,,,
14479140,2023-02-06 10:51:14,AAPL,CALL,SWEEP,AT ASK,130,151.97,2023-02-10,1000,2.21M,22.1,21.9,22.1,1022,1078,68.41,,,
14479139,2023-02-06 10:51:14,SPY,PUT,,ABV ASK,413,409.66,2023-02-06,101,35.65K,3.53,3.5,3.52,5238,12378,28.38,,,
14479137,2023-02-06 10:51:14,QQQ,CALL,,AT ASK,306,303.96,2023-02-09,100,27.20K,2.72,2.7,2.72,498,262,31.23,,,
14479141,2023-02-06 10:51:13,SPY,CALL,SWEEP,ABV ASK,410,409.57,2023-02-06,497,46.92K,0.94,0.92,0.93,124249,2923,26.99,,,
14479131,2023-02-06 10:51:13,GOOG,CALL,,AT ASK,117.5,102.94,2023-09-15,100,52.50K,5.25,5.15,5.25,204,2442,28.93,,,
14479130,2023-02-06 10:51:13,GOOG,CALL,,TO BID,83,102.94,2023-09-15,100,253.50K,25.35,25.05,25.95,200,201,36.57,,,
14479133,2023-02-06 10:51:12,XPEV,PUT,SWEEP,,12.5,10.2,2023-03-17,404,114.58K,2.84,2.83,2.84,415,9214,87.62,,,
14479129,2023-02-06 10:51:12,GOOG,CALL,,TO ASK,117.5,102.94,2023-09-15,100,52.60K,5.26,5.15,5.3,104,2442,28.95,,,
14479128,2023-02-06 10:51:12,GOOG,CALL,,TO BID,83,102.94,2023-09-15,100,254.60K,25.46,25.05,25.95,100,201,37.1,,,
14479132,2023-02-06 10:51:11,F,CALL,SWEEP,AT BID,14,12.86,2023-03-17,1498,26.96K,0.18,0.18,0.19,6666,64086,32.66,,SSR,
14479126,2023-02-06 10:51:11,SPY,CALL,,,415,409.62,2023-02-14,100,26.70K,2.67,2.66,2.68,751,914,19.23,,,
14479125,2023-02-06 10:51:10,AMZN,CALL,,,101,101.45,2023-02-17,97,32.98K,3.4,3.35,3.45,1666,3086,43.3,,,
14479124,2023-02-06 10:51:10,AMZN,CALL,,,96,101.45,2023-02-17,97,64.50K,6.65,6.6,6.7,315,1842,43.93,,,
14479123,2023-02-06 10:51:08,TSLA,CALL,SWEEP,AT BID,195,193.17,2023-02-10,452,316.40K,7,7,7.05,34077,8851,93.61,,,
14479120,2023-02-06 10:51:06,SPY,CALL,SWEEP,AT BID,410,409.56,2023-02-07,566,123.95K,2.19,2.19,2.2,35868,2946,25.11,,,
14479117,2023-02-06 10:51:04,SPY,CALL,,AT BID,415,409.49,2023-02-10,300,45.00K,1.5,1.5,1.51,12025,41290,19.82,,,
14479116,2023-02-06 10:51:02,SPY,CALL,SWEEP,AT BID,414,409.55,2023-02-10,400,72.40K,1.81,1.81,1.83,6284,3969,19.8,,,
14479114,2023-02-06 10:51:02,SPY,CALL,,AT BID,413,409.54,2023-02-06,1864,29.82K,0.16,0.16,0.17,55306,14220,27.55,,,
14479115,2023-02-06 10:51:01,SPY,CALL,SWEEP,AT BID,413,409.54,2023-02-06,6417,102.67K,0.16,0.16,0.17,59282,14220,28.04,,,
14479112,2023-02-06 10:51:00,TSLA,CALL,,AT ASK,200,193.27,2023-04-21,193,424.60K,22,22,22.05,2706,8845,69.26,,,
14479113,2023-02-06 10:50:59,MPC,CALL,SPLIT,AT BID,115,114.95,2023-04-21,52,37.44K,7.2,7.2,7.25,593,2656,34.23,,,
14479110,2023-02-06 10:50:58,SI,CALL,,TO BID,20,17.71,2023-03-17,125,44.75K,3.58,3.4,3.8,1589,4520,197.53,,SSR,
14479109,2023-02-06 10:50:56,SPY,PUT,SWEEP,AT BID,408,409.54,2023-02-09,131,32.23K,2.46,2.46,2.47,2743,2229,21.22,,,
14479107,2023-02-06 10:50:56,STNG,CALL,,TO ASK,50,50.89,2023-02-17,82,27.55K,3.36,3.2,3.4,115,2309,80.02,,,
14479108,2023-02-06 10:50:54,QQQ,PUT,SWEEP,AT BID,205,303.93,2023-06-16,293,27.84K,0.95,0.95,0.97,8014,4935,39.32,,,
14479106,2023-02-06 10:50:54,SPY,CALL,SWEEP,BLW BID,410,409.57,2023-02-07,118,25.99K,2.2,2.21,2.22,35152,2946,25.19,,,
14479105,2023-02-06 10:50:52,ROKU,PUT,SWEEP,AT BID,50,62.01,2023-04-21,82,25.83K,3.15,3.15,3.2,235,2046,79.1,,,
14479104,2023-02-06 10:50:52,SPX,PUT,SPLIT,BLW BID,4085,4107.36,2023-02-06,101,34.32K,3.4,3.4,3.5,8691,684,28.28,,,
14479103,2023-02-06 10:50:52,LQDA,PUT,SWEEP,TO BID,7.5,7.11,2023-02-17,814,49.04K,0.6,0.6,0.8,838,234,73.71,OPENING,,
14479102,2023-02-06 10:50:52,AAPL,PUT,SWEEP,AT BID,150,151.96,2023-02-17,155,38.75K,2.5,2.5,2.51,10381,32367,32.08,,,
14479101,2023-02-06 10:50:50,AAPL,PUT,SWEEP,AT BID,130,151.9,2023-05-19,600,143.40K,2.39,2.39,2.41,2327,58079,33.87,,,
14479100,2023-02-06 10:50:50,QQQ,PUT,SWEEP,AT BID,302,303.84,2023-02-06,501,29.56K,0.59,0.59,0.6,22879,5222,42.68,,,
14479099,2023-02-06 10:50:49,SQ,CALL,SWEEP,AT BID,94,82.25,2023-02-17,412,30.08K,0.73,0.73,0.75,435,887,68.57,,,
14479098,2023-02-06 10:50:49,SPXS,CALL,SWEEP,TO BID,18,18.11,2023-04-21,499,88.82K,1.78,1.77,1.84,2678,13274,53.28,,,
14479093,2023-02-06 10:50:48,TSLA,CALL,,AT BID,195,193.16,2023-02-10,50,35.00K,7,7,7.05,33602,8851,93.64,,,
14479092,2023-02-06 10:50:47,AAPL,CALL,,BLW BID,135,151.88,2023-03-17,606,1.11M,18.27,18.3,18.4,2014,14177,32.19,SPREAD,,
14479091,2023-02-06 10:50:47,AAPL,CALL,,BLW BID,155,151.88,2023-03-17,3482,1.49M,4.28,4.3,4.35,5832,37512,27.34,SPREAD,,
14479090,2023-02-06 10:50:47,AAPL,CALL,BLOCK,TO BID,150,151.88,2023-03-17,5380,3.69M,6.86,6.85,6.95,6054,75385,28.32,SPREAD,,
14479089,2023-02-06 10:50:47,AAPL,CALL,,BLW BID,165,151.88,2023-04-21,3482,947.10K,2.72,2.73,2.76,5722,15039,25.09,SPREAD,,
14479088,2023-02-06 10:50:47,AAPL,PUT,,ABV ASK,135,151.88,2023-04-21,3756,785.00K,2.09,2.06,2.08,4676,48636,31.47,SPREAD,,
14479087,2023-02-06 10:50:47,AAPL,CALL,,TO BID,135,151.88,2023-03-17,1381,2.52M,18.26,18.25,18.45,1408,14177,32.08,SPREAD,,
14479094,2023-02-06 10:50:46,AMZN,CALL,SPLIT,AT BID,102,101.36,2023-02-17,100,28.60K,2.86,2.86,2.88,1328,4208,43.31,,,
14479086,2023-02-06 10:50:45,TSLA,CALL,,AT BID,200,193.32,2023-02-10,100,52.50K,5.25,5.25,5.3,70261,28709,95.8,,,
14479085,2023-02-06 10:50:42,SPY,CALL,SWEEP,,414,409.53,2023-02-10,400,72.70K,1.82,1.82,1.83,5884,3969,19.9,,,
14479080,2023-02-06 10:50:42,NFLX,CALL,,AT BID,362.5,362.56,2023-02-17,100,109.00K,10.9,10.9,11,329,1029,41.54,,,
14479084,2023-02-06 10:50:41,SPX,PUT,SPLIT,AT BID,4090,4106.79,2023-02-06,151,69.46K,4.6,4.6,4.8,11235,1534,27.78,,,
14479083,2023-02-06 10:50:40,QQQ,PUT,SWEEP,AT BID,240,303.85,2023-06-16,150,39.90K,2.66,2.66,2.68,446,318507,33.42,,,
14479082,2023-02-06 10:50:40,TSLA,CALL,SPLIT,AT ASK,207.5,193.32,2023-02-10,186,61.38K,3.3,3.25,3.3,7962,4577,99.24,,,
14479081,2023-02-06 10:50:40,TSLA,CALL,SWEEP,AT ASK,202.5,193.31,2023-02-10,65,29.25K,4.5,4.45,4.5,8431,3918,96.91,,,
14479075,2023-02-06 10:50:39,FSS,CALL,,TO ASK,50,54.39,2023-05-19,130,87.10K,6.7,5.1,7,130,149,28.93,,,
14479077,2023-02-06 10:50:38,QQQ,PUT,SWEEP,AT BID,240,303.83,2023-06-16,200,53.20K,2.66,2.66,2.68,266,318507,33.41,,,
14479076,2023-02-06 10:50:38,SPY,CALL,SWEEP,,409,409.44,2023-02-06,275,38.02K,1.38,1.37,1.38,51084,2081,27.41,,,
14479074,2023-02-06 10:50:38,SPY,CALL,,,411,409.49,2023-02-17,100,51.50K,5.15,5.14,5.16,3358,15977,19.37,,,
14479073,2023-02-06 10:50:36,NVDA,PUT,SWEEP,AT ASK,210,211.88,2023-02-10,250,113.75K,4.55,4.5,4.55,11185,3006,60.68,,,
14479070,2023-02-06 10:50:35,TSLA,CALL,,,200,193.21,2023-02-10,50,26.00K,5.2,5.15,5.25,70139,28709,95.73,,,
14479072,2023-02-06 10:50:34,XLI,CALL,SPLIT,TO BID,102,102.59,2023-02-10,450,61.65K,1.37,1.34,1.43,475,2028,23.19,,,
14479071,2023-02-06 10:50:34,AMZN,CALL,SWEEP,AT ASK,100,101.34,2023-04-21,70,54.95K,7.85,7.75,7.85,1766,19122,36.66,,,
14479069,2023-02-06 10:50:32,CRWD,CALL,SWEEP,AT BID,100,112.91,2023-04-21,99,194.04K,19.6,19.6,19.75,110,298,59.72,,,
14479067,2023-02-06 10:50:31,EWZ,PUT,SWEEP,AT BID,27,28.02,2023-03-17,2600,215.80K,0.83,0.83,0.84,2674,12067,36.58,,,
14479063,2023-02-06 10:50:31,AAPL,CALL,,TO BID,155,151.84,2023-07-21,55,60.28K,10.96,10.9,11.05,259,3346,27.25,,,
14479062,2023-02-06 10:50:31,AAPL,CALL,,,155,151.84,2023-07-21,60,65.82K,10.97,10.9,11.05,204,3346,27.28,,,
14479061,2023-02-06 10:50:31,AAPL,CALL,,,150,151.84,2023-04-21,130,119.34K,9.18,9.15,9.2,668,17363,28,,,
14479066,2023-02-06 10:50:30,IWM,CALL,SWEEP,ABV ASK,194,194.22,2023-02-10,200,46.76K,2.34,2.31,2.33,675,1859,25.84,,,
14479059,2023-02-06 10:50:29,SPY,PUT,,AT BID,408,409.38,2023-02-06,700,42.00K,0.6,0.6,0.61,120791,16396,28.02,,,
14479060,2023-02-06 10:50:28,SPY,PUT,SWEEP,,408,409.39,2023-02-06,726,43.58K,0.6,0.6,0.61,120806,16396,28.15,,,
14479057,2023-02-06 10:50:26,DIS,CALL,,,115,108.88,2023-02-17,860,138.46K,1.61,1.6,1.63,6593,14318,49.44,,,
14479056,2023-02-06 10:50:26,DIS,CALL,,ABV ASK,115,108.88,2023-04-21,430,179.31K,4.17,4.05,4.15,2877,6454,31.74,,,
14479058,2023-02-06 10:50:25,DIS,CALL,SWEEP,TO BID,165,108.88,2025-06-20,60,41.30K,6.88,6.75,7.45,64,0,27.04,OPENING,,
14479055,2023-02-06 10:50:24,TSLA,CALL,SWEEP,,200,193.23,2023-02-10,59,30.79K,5.22,5.2,5.25,70069,28709,96.25,,,
14479054,2023-02-06 10:50:23,SLV,CALL,SWEEP,AT BID,25,20.45,2023-09-15,1147,87.17K,0.76,0.76,0.77,6345,112173,31.5,,,
14479050,2023-02-06 10:50:22,ITB,PUT,,TO ASK,69,70.42,2023-03-17,1000,210.00K,2.1,1.9,2.15,1000,2325,31.52,,,
14479053,2023-02-06 10:50:21,TSLA,CALL,SWEEP,TO ASK,192.5,193.26,2023-02-10,51,41.56K,8.15,8.1,8.15,13471,4284,92.65,,,
14479052,2023-02-06 10:50:21,QQQ,CALL,SWEEP,,305,303.65,2023-02-06,790,56.18K,0.71,0.7,0.71,28642,2091,41.14,,,
14479048,2023-02-06 10:50:21,NVDA,CALL,,,217.5,211.92,2023-02-10,259,85.47K,3.3,3.25,3.35,6623,1788,60.71,,,
14479046,2023-02-06 10:50:21,GOOG,PUT,,,115,102.89,2023-09-15,100,153.50K,15.35,15.2,15.5,306,1903,29.36,,,
14479045,2023-02-06 10:50:21,GOOG,PUT,,,107.5,102.89,2023-09-15,100,108.00K,10.8,10.75,10.85,216,2320,30.31,,,
14479044,2023-02-06 10:50:20,COP,CALL,,AT BID,113,107.52,2023-03-24,525,157.50K,3,3,3.1,525,6,33.8,OPEN SPREAD,,
14479049,2023-02-06 10:50:19,DIA,CALL,SWEEP,ABV ASK,342,337.44,2023-02-10,398,32.33K,0.81,0.78,0.81,610,504,16.26,,,
14479041,2023-02-06 10:50:16,SPY,PUT,,AT BID,409,409.33,2023-02-06,285,28.50K,1,1,1.01,137950,11450,27.97,,,
14479043,2023-02-06 10:50:15,QQQ,PUT,SPLIT,AT BID,205,303.64,2023-06-16,350,33.60K,0.96,0.96,0.97,7440,4935,39.33,,,
14479042,2023-02-06 10:50:15,SPY,PUT,SWEEP,,409,409.31,2023-02-06,350,35.01K,1,1,1.01,138003,11450,28,,,
14479040,2023-02-06 10:50:14,MPC,CALL,SWEEP,AT ASK,115,114.85,2023-04-21,244,175.68K,7.2,7.1,7.2,540,2656,34.5,,,
14479035,2023-02-06 10:50:14,GOOG,PUT,,TO ASK,115,102.87,2023-09-15,100,153.00K,15.3,14.65,15.5,206,1903,29.16,,,
14479034,2023-02-06 10:50:14,GOOG,PUT,,AT BID,107.5,102.87,2023-09-15,100,107.50K,10.75,10.75,10.85,116,2320,30.13,,,
14479039,2023-02-06 10:50:13,QQQ,PUT,SWEEP,AT BID,205,303.6,2023-06-16,300,28.80K,0.96,0.96,0.98,7090,4935,39.32,,,
14479033,2023-02-06 10:50:13,MSFT,PUT,,AT ASK,260,256.24,2024-01-19,300,751.50K,25.05,24.5,25.05,300,5792,27.63,,,
14479032,2023-02-06 10:50:13,DD,PUT,,TO ASK,72.5,72.16,2024-01-19,67,47.57K,7.1,6.9,7.2,75,583,28.09,,Pre-Earnings,
14479037,2023-02-06 10:50:12,QQQ,CALL,SWEEP,AT BID,304,303.6,2023-03-17,454,471.25K,10.38,10.38,10.39,1169,3732,24.75,,,
14479036,2023-02-06 10:50:12,SPY,PUT,SWEEP,ABV ASK,407,409.27,2023-02-06,854,32.45K,0.38,0.36,0.37,102037,15146,28.32,,,
14479031,2023-02-06 10:50:11,AI,CALL,SWEEP,AT BID,40,28.49,2023-02-24,314,87.92K,2.8,2.8,2.85,906,1202,238.84,,,
14479028,2023-02-06 10:50:09,DVN,CALL,SWEEP,TO ASK,65,59.59,2024-01-19,59,37.65K,6.38,6.1,6.6,108,5503,41.39,,,
14479026,2023-02-06 10:50:08,MPC,CALL,SPLIT,AT BID,115,114.8,2023-04-21,70,50.05K,7.15,7.15,7.2,296,2656,34.4,,,
14479024,2023-02-06 10:50:06,QQQ,PUT,SPLIT,AT BID,205,303.65,2023-06-16,300,28.80K,0.96,0.96,0.97,6290,4935,39.33,,,
14479022,2023-02-06 10:50:04,QQQ,PUT,SPLIT,AT BID,205,303.65,2023-06-16,300,28.80K,0.96,0.96,0.97,5990,4935,39.33,,,
14479020,2023-02-06 10:50:04,TSLA,CALL,SPLIT,AT BID,180,193.06,2025-01-17,100,720.00K,72,72,72.5,207,12448,57.96,,,
14479021,2023-02-06 10:50:03,SPY,CALL,SWEEP,,410,409.38,2023-02-06,452,38.89K,0.86,0.86,0.87,121437,2923,27.71,,,
14479018,2023-02-06 10:50:02,QQQ,PUT,SWEEP,AT BID,205,303.69,2023-06-16,300,28.80K,0.96,0.96,0.97,5690,4935,39.35,,,
14479017,2023-02-06 10:50:00,QQQ,PUT,SWEEP,AT BID,205,303.7,2023-06-16,299,28.70K,0.96,0.96,0.97,5390,4935,39.35,,,
14479015,2023-02-06 10:50:00,TSLA,CALL,,AT BID,180,193.3,2025-01-17,100,720.00K,72,72,72.5,107,12448,57.77,,,
14479016,2023-02-06 10:49:59,GOOG,CALL,SWEEP,AT ASK,97,102.89,2023-03-24,282,242.52K,8.6,8.3,8.6,384,4,32.57,OPENING,,
14479014,2023-02-06 10:49:58,QQQ,PUT,SWEEP,AT BID,205,303.62,2023-06-16,300,28.80K,0.96,0.96,0.97,5090,4935,39.33,,,
14479012,2023-02-06 10:49:57,GOOG,PUT,,TO ASK,117.5,102.86,2023-09-15,100,170.30K,17.03,16.6,17.25,624,1349,28.78,,,
14479011,2023-02-06 10:49:57,GOOG,PUT,,BLW BID,105,102.86,2023-09-15,100,94.50K,9.45,9.5,9.6,310,2113,30.44,,,
14479010,2023-02-06 10:49:56,PDD,PUT,,TO ASK,90,90.55,2023-02-17,100,34.50K,3.45,3.35,3.5,2236,6364,60.08,,,
14479013,2023-02-06 10:49:55,QQQ,PUT,SWEEP,AT BID,205,303.64,2023-06-16,300,28.80K,0.96,0.96,0.97,4790,4935,39.33,,,
14479008,2023-02-06 10:49:55,TSLA,CALL,,,200,193.23,2023-02-10,54,28.08K,5.2,5.15,5.25,69898,28709,95.63,,,
14479006,2023-02-06 10:49:54,MPC,CALL,,TO ASK,115,114.89,2023-04-21,61,43.92K,7.2,7.1,7.25,180,2656,34.38,,,
14479005,2023-02-06 10:49:54,PINS,PUT,,TO ASK,25,27.32,2023-03-17,1000,144.00K,1.44,1.39,1.45,1943,3694,72.53,,Pre-Earnings,
14479009,2023-02-06 10:49:53,QQQ,PUT,SWEEP,AT BID,205,303.6,2023-06-16,300,28.80K,0.96,0.96,0.97,4490,4935,39.32,,,
14479004,2023-02-06 10:49:53,QQQ,PUT,,AT BID,294,303.6,2023-02-17,100,25.60K,2.56,2.56,2.57,555,5069,30.39,,,
14479007,2023-02-06 10:49:52,DD,CALL,SPLIT,BLW BID,80,72.17,2023-03-17,7729,247.33K,0.32,0.35,0.4,9825,71,26.07,OPENING,Pre-Earnings,
14479003,2023-02-06 10:49:51,QQQ,PUT,SWEEP,AT BID,205,303.63,2023-06-16,300,28.80K,0.96,0.96,0.97,4190,4935,39.33,,,
14478999,2023-02-06 10:49:51,MARA,CALL,,TO BID,10,6.76,2025-01-17,300,84.00K,2.8,2.7,2.99,634,3430,135.89,,SSR,
14479000,2023-02-06 10:49:50,TSLA,PUT,SWEEP,,195,193.13,2023-02-10,82,71.34K,8.7,8.65,8.75,19213,6747,93.59,,,
14478998,2023-02-06 10:49:49,QQQ,PUT,SWEEP,AT BID,205,303.63,2023-06-16,300,28.80K,0.96,0.96,0.97,3890,4935,39.33,,,
14478995,2023-02-06 10:49:49,MARA,PUT,,AT ASK,3,6.76,2025-01-17,150,25.95K,1.73,1.72,1.73,251,91,148.92,OPENING,SSR,
14478997,2023-02-06 10:49:48,BABA,PUT,SPLIT,AT BID,90,104.22,2023-06-16,58,28.42K,4.9,4.9,4.95,1642,7596,48.21,,,
14478993,2023-02-06 10:49:48,PDD,PUT,,AT BID,102,90.55,2023-02-10,75,87.75K,11.7,11.7,11.85,161,202,80.28,,,
14478990,2023-02-06 10:49:47,UBER,CALL,,,35,33.03,2023-09-15,100,46.30K,4.63,4.55,4.7,428,3146,48.74,,,
14478989,2023-02-06 10:49:47,UBER,CALL,,,37.5,33.03,2024-01-19,100,49.30K,4.93,4.85,5,244,7081,46.28,,,
14478994,2023-02-06 10:49:46,QQQ,PUT,SWEEP,AT BID,205,303.66,2023-06-16,300,28.80K,0.96,0.96,0.97,3590,4935,39.34,,,
14478992,2023-02-06 10:49:46,SPY,PUT,SWEEP,AT BID,407,409.31,2023-02-06,3586,132.68K,0.37,0.37,0.38,101092,15146,28.55,,,
14478987,2023-02-06 10:49:46,TSLA,CALL,,AT ASK,200,193.16,2023-02-10,94,48.88K,5.2,5.15,5.2,69834,28709,95.96,,,
14478991,2023-02-06 10:49:45,TSLA,CALL,SWEEP,TO ASK,200,193.16,2023-02-10,102,53.04K,5.2,5.15,5.2,69840,28709,95.84,,,
14478984,2023-02-06 10:49:45,GOOG,PUT,,TO ASK,117.5,102.86,2023-09-15,100,171.00K,17.1,16.6,17.25,524,1349,29.04,,,
14478983,2023-02-06 10:49:45,GOOG,PUT,,AT BID,105,102.86,2023-09-15,100,95.00K,9.5,9.5,9.6,210,2113,30.6,,,
14478988,2023-02-06 10:49:44,QQQ,PUT,SWEEP,AT BID,205,303.66,2023-06-16,300,28.80K,0.96,0.96,0.98,3290,4935,39.34,,,
14478980,2023-02-06 10:49:44,ATVI,PUT,BLOCK,AT BID,70,72.48,2023-02-17,8750,1.77M,2.02,2.02,2.3,16221,63789,63.13,SPREAD,Pre-Earnings,
14478979,2023-02-06 10:49:44,ATVI,PUT,BLOCK,TO BID,67.5,72.48,2023-02-17,8750,1.07M,1.22,1.2,1.5,9134,21048,63.9,SPREAD,Pre-Earnings,
14478982,2023-02-06 10:49:42,META,CALL,SWEEP,AT ASK,187.5,188.28,2023-02-10,68,34.00K,5,4.95,5,3541,2685,56,,,
14478981,2023-02-06 10:49:42,QQQ,PUT,SWEEP,AT BID,205,303.67,2023-06-16,300,28.80K,0.96,0.96,0.97,2990,4935,39.34,,,
14478978,2023-02-06 10:49:41,SPY,PUT,SWEEP,AT BID,410,409.37,2023-02-06,202,30.50K,1.51,1.51,1.52,98453,13530,28.05,,,
14478977,2023-02-06 10:49:41,SLV,CALL,SWEEP,AT BID,25,20.46,2023-09-15,977,75.23K,0.77,0.77,0.78,5198,112173,31.64,,,
14478973,2023-02-06 10:49:41,PDD,PUT,,AT BID,102,90.34,2023-02-10,74,86.95K,11.75,11.75,11.9,86,202,68.81,,,
14478976,2023-02-06 10:49:40,TSLA,CALL,SWEEP,,200,193.19,2023-02-10,77,39.89K,5.18,5.15,5.2,69737,28709,95.82,,,
14478975,2023-02-06 10:49:40,QQQ,PUT,SWEEP,AT BID,205,303.64,2023-06-16,300,28.80K,0.96,0.96,0.97,2690,4935,39.33,,,
14478972,2023-02-06 10:49:38,QQQ,PUT,SWEEP,AT BID,205,303.6,2023-06-16,300,28.80K,0.96,0.96,0.98,2390,4935,39.32,,,
14478969,2023-02-06 10:49:37,FCX,CALL,BLOCK,TO ASK,45,42.52,2023-03-17,10000,1.38M,1.38,1.35,1.39,10141,21799,41.01,SPREAD,,
14478968,2023-02-06 10:49:37,FCX,CALL,BLOCK,AT BID,44,42.53,2023-02-17,10000,750.00K,0.75,0.75,0.8,10633,14454,44.24,SPREAD,,
14478971,2023-02-06 10:49:36,QQQ,PUT,SWEEP,AT BID,205,303.62,2023-06-16,300,28.80K,0.96,0.96,0.98,2090,4935,39.33,,,
14478967,2023-02-06 10:49:36,AAPL,CALL,,AT BID,138,151.75,2023-02-17,50,70.50K,14.1,14.1,14.25,379,718,38.19,,,
14478970,2023-02-06 10:49:35,SPY,PUT,SWEEP,AT BID,409,409.29,2023-02-08,100,27.00K,2.7,2.7,2.72,6393,4545,22.54,,,
14478965,2023-02-06 10:49:34,META,CALL,,AT BID,190,188.18,2023-06-16,100,203.00K,20.3,20.3,20.4,430,3852,43.83,,,
14478966,2023-02-06 10:49:33,QQQ,PUT,SWEEP,AT BID,205,303.61,2023-06-16,300,28.80K,0.96,0.96,0.98,1790,4935,39.32,,,
14478964,2023-02-06 10:49:31,ALB,PUT,,AT ASK,270,280.71,2023-03-17,200,234.00K,11.7,11,11.7,1302,647,47.08,,,
14478961,2023-02-06 10:49:30,TQQQ,CALL,,,22,24.88,2023-03-17,100,42.00K,4.2,4.15,4.25,162,6918,80.92,,,
14478960,2023-02-06 10:49:30,CRM,PUT,,AT ASK,160,169.32,2023-03-17,57,28.50K,5,4.95,5,98,3213,42.74,,,
14478963,2023-02-06 10:49:29,QQQ,PUT,SWEEP,AT BID,205,303.62,2023-06-16,300,28.80K,0.96,0.96,0.98,1240,4935,39.33,,,
14478958,2023-02-06 10:49:29,SPY,CALL,,,410,409.31,2023-02-07,200,42.20K,2.11,2.1,2.12,34710,2946,25.4,,,
14478962,2023-02-06 10:49:28,TSLA,CALL,SWEEP,TO BID,207.5,193.12,2023-02-10,99,31.85K,3.22,3.2,3.3,7751,4577,98.88,,,
14478959,2023-02-06 10:49:27,QQQ,PUT,SWEEP,AT ASK,205,303.65,2023-06-16,300,28.80K,0.96,0.95,0.96,940,4935,39.34,,,
14478956,2023-02-06 10:49:27,IWM,PUT,,,190,194.21,2023-03-17,100,36.60K,3.66,3.65,3.68,3458,52917,23.27,,,
14478954,2023-02-06 10:49:26,GOOG,PUT,,TO ASK,117.5,102.88,2023-09-15,100,170.20K,17.02,16.55,17.25,424,1349,28.8,,,
14478953,2023-02-06 10:49:26,GOOG,PUT,,BLW BID,102.5,102.88,2023-09-15,100,83.00K,8.3,8.35,8.45,326,1498,30.94,,,
14478952,2023-02-06 10:49:25,MARA,CALL,,AT BID,10,6.79,2025-01-17,200,56.00K,2.8,2.8,3,334,3430,135.42,,SSR,
14478955,2023-02-06 10:49:24,GLD,CALL,SWEEP,AT ASK,176,173.38,2023-04-21,120,47.40K,3.95,3.9,3.95,126,755,14.21,,,
14478948,2023-02-06 10:49:22,PDD,PUT,,TO ASK,95,90.32,2023-02-17,75,48.75K,6.5,6.4,6.55,178,2354,58.91,,,
14478951,2023-02-06 10:49:21,TSLA,PUT,SWEEP,AT BID,190,193.13,2023-02-10,59,35.70K,6.05,6.05,6.1,47635,6553,92.05,,,
14478946,2023-02-06 10:49:21,GOOG,PUT,,TO ASK,117.5,102.84,2023-09-15,100,171.20K,17.12,16.5,17.25,324,1349,29.08,,,
14478945,2023-02-06 10:49:21,GOOG,PUT,,AT BID,102.5,102.84,2023-09-15,100,83.50K,8.35,8.35,8.45,226,1498,31.06,,,
14478950,2023-02-06 10:49:20,DD,PUT,SPLIT,,80,72.17,2024-01-19,65,73.45K,11.3,11.1,11.5,160,64,27.04,OPENING,Pre-Earnings,
14478949,2023-02-06 10:49:20,AMZN,CALL,SWEEP,AT BID,102,101.25,2023-02-10,420,74.76K,1.78,1.78,1.79,7250,2011,48.02,,,
14478947,2023-02-06 10:49:19,DFEN,CALL,SWEEP,AT ASK,18,20.68,2023-02-17,100,28.00K,2.8,2.75,2.8,100,219,58.71,,,
14478943,2023-02-06 10:49:18,DD,PUT,SPLIT,AT ASK,80,72.18,2024-01-19,57,64.41K,11.3,11.1,11.3,95,64,27.05,,Pre-Earnings,
14478938,2023-02-06 10:49:17,AAPL,CALL,,AT ASK,152.5,151.81,2023-02-10,257,50.37K,1.96,1.95,1.96,19604,11117,35.17,,,
14478941,2023-02-06 10:49:16,AAPL,CALL,SWEEP,AT ASK,152.5,151.8,2023-02-10,501,98.20K,1.96,1.95,1.96,19605,11117,35.21,,,
14478940,2023-02-06 10:49:16,TSLA,CALL,SWEEP,TO ASK,200,193.12,2023-02-10,80,41.48K,5.19,5.15,5.2,69633,28709,95.9,,,
14478939,2023-02-06 10:49:15,MPC,CALL,SWEEP,AT ASK,125,114.72,2023-04-21,100,31.00K,3.1,3,3.1,214,2689,32.39,,,
14478937,2023-02-06 10:49:13,FTNT,PUT,SPLIT,AT BID,55,53.23,2023-03-17,65,26.00K,4,4,4.1,200,2230,44.93,,,
14478934,2023-02-06 10:49:13,DECK,PUT,,TO BID,410,413.77,2023-02-17,90,72.90K,8.1,7.9,8.5,97,112,35.02,,,
14478936,2023-02-06 10:49:12,AMZN,CALL,SWEEP,,105,101.3,2023-03-17,100,36.00K,3.6,3.6,3.6,8752,49008,37.26,,,
14478935,2023-02-06 10:49:12,AMZN,CALL,SWEEP,AT BID,103,101.3,2023-02-10,250,35.25K,1.41,1.41,1.42,11891,3455,48.33,,,
14478933,2023-02-06 10:49:08,TQQQ,PUT,SWEEP,,22,24.89,2023-02-24,499,31.64K,0.63,0.63,0.65,1819,1771,81.92,,,
14478932,2023-02-06 10:49:05,SPY,CALL,SWEEP,AT ASK,410,409.24,2023-02-07,705,146.64K,2.08,2.06,2.08,34473,2946,25.43,,,
14478928,2023-02-06 10:49:04,SPGI,CALL,,AT ASK,375,367.54,2023-03-24,50,54.00K,10.8,9.4,10.8,50,2,25.91,OPENING,,
14478930,2023-02-06 10:49:03,GOOGL,PUT,SWEEP,AT ASK,85,102.46,2023-09-15,108,34.56K,3.2,3.1,3.2,115,7151,35.79,,,
14478929,2023-02-06 10:49:03,QQQ,PUT,SPLIT,AT ASK,302,303.63,2023-02-09,100,28.00K,2.8,2.79,2.8,439,426,31.83,,,
14478927,2023-02-06 10:49:02,SPY,CALL,SWEEP,BLW BID,410,409.35,2023-02-06,614,51.16K,0.83,0.86,0.87,120184,2923,28.03,,,
14478926,2023-02-06 10:49:02,GOOG,PUT,,,115,102.89,2023-09-15,50,76.60K,15.32,15.15,15.5,106,1903,29.26,,,
14478925,2023-02-06 10:49:02,GOOG,PUT,,TO ASK,105,102.89,2023-09-15,50,47.55K,9.51,9.45,9.55,110,2113,30.68,,,
14478924,2023-02-06 10:48:59,TSLA,CALL,SWEEP,TO ASK,200,193.28,2023-02-10,115,60.34K,5.25,5.2,5.25,69488,28709,96.04,,,
14478919,2023-02-06 10:48:59,FIS,CALL,,TO BID,82.5,73.38,2023-03-17,1485,141.07K,0.95,0.9,1.05,1517,13404,38.67,,,
14478918,2023-02-06 10:48:59,FIS,CALL,,TO ASK,80,73.38,2023-02-17,1485,161.87K,1.09,1,1.1,1529,6393,63.26,,,
14478923,2023-02-06 10:48:58,NVDA,CALL,SWEEP,,220,212.08,2023-02-10,100,26.30K,2.63,2.61,2.64,18006,4980,61.3,,,
14478917,2023-02-06 10:48:58,GOOG,PUT,,,115,102.91,2023-09-15,50,76.65K,15.33,15.15,15.5,56,1903,29.34,,,
14478916,2023-02-06 10:48:58,GOOG,PUT,,,105,102.91,2023-09-15,50,47.50K,9.5,9.45,9.55,60,2113,30.67,,,
14478915,2023-02-06 10:48:58,TJX,CALL,,AT ASK,81,81.58,2023-02-17,150,26.10K,1.74,1.65,1.74,464,1875,26.82,,,
14478921,2023-02-06 10:48:57,SPY,CALL,SWEEP,,410,409.34,2023-02-06,294,25.27K,0.86,0.85,0.86,119557,2923,27.58,,,
14478920,2023-02-06 10:48:57,XOP,PUT,SWEEP,TO BID,125,131.43,2023-03-17,200,78.03K,3.9,3.9,4,328,2621,40.85,,,
14478914,2023-02-06 10:48:56,SPX,PUT,,ABV ASK,3755,4116.52,2023-03-17,187,338.28K,18.09,17.8,18,216,1263,23.99,SPREAD,,
14478913,2023-02-06 10:48:56,SPX,PUT,,TO ASK,3765,4141.65,2023-05-19,194,1.10M,56.51,56,56.6,194,0,22.68,OPEN SPREAD,,
14478912,2023-02-06 10:48:56,SPX,PUT,,TO ASK,3825,4107.43,2023-02-17,144,57.46K,3.99,3.8,4,185,10369,25.61,SPREAD,,
14478911,2023-02-06 10:48:56,SPX,PUT,,ABV ASK,3810,4131.38,2023-04-21,442,2.04M,46.11,45.7,46.1,442,123,22.17,OPEN SPREAD,,
14478908,2023-02-06 10:48:56,SPX,PUT,,ABV ASK,3690,4131.38,2023-04-21,509,1.60M,31.53,31.2,31.5,509,3394,23.94,SPREAD,,
14478907,2023-02-06 10:48:56,SPX,PUT,,ABV ASK,3880,4116.52,2023-03-17,441,1.41M,32.01,31.5,31.8,447,4817,21.76,SPREAD,,
14478910,2023-02-06 10:48:54,QQQ,CALL,SWEEP,TO BID,302,303.71,2023-02-06,208,48.08K,2.31,2.31,2.35,2876,2213,42.77,,,
14478909,2023-02-06 10:48:54,ET,CALL,SWEEP,AT ASK,10,12.89,2025-01-17,200,65.00K,3.25,3.15,3.25,1114,17816,33.69,,,
14478905,2023-02-06 10:48:54,AAPL,PUT,,TO BID,135,151.82,2023-07-21,125,57.25K,4.58,4.55,4.65,585,4303,30.86,,,
14478901,2023-02-06 10:48:51,ATVI,PUT,,TO ASK,72.5,72.42,2023-02-17,2500,832.50K,3.33,3,3.35,4738,21032,65.91,SPREAD,Pre-Earnings,
14478900,2023-02-06 10:48:51,ATVI,PUT,,AT ASK,70,72.42,2023-02-17,2500,575.00K,2.3,2.03,2.3,7466,63789,68.54,SPREAD,Pre-Earnings,
14478903,2023-02-06 10:48:50,QQQ,CALL,SWEEP,AT BID,306,303.69,2023-02-06,1000,45.00K,0.45,0.45,0.46,23740,2519,41.62,,,
14478899,2023-02-06 10:48:50,AMZN,CALL,,TO BID,80,101.27,2023-02-17,300,642.90K,21.43,21.35,21.55,322,10241,44.95,,,
14478898,2023-02-06 10:48:50,AMZN,CALL,,TO ASK,80,101.27,2023-07-21,300,765.90K,25.53,25.4,25.6,302,491,41.94,,,
14478896,2023-02-06 10:48:50,NTCO,CALL,,TO BID,5,5.42,2023-02-17,1838,82.71K,0.45,0.4,0.9,2503,2572,50.11,,,
14478902,2023-02-06 10:48:49,SPY,PUT,SPLIT,AT BID,410,409.32,2023-02-06,1000,154.00K,1.54,1.54,1.55,97997,13530,28.18,,,
14478897,2023-02-06 10:48:48,AI,CALL,SWEEP,AT BID,30,28.64,2025-01-17,65,76.05K,11.7,11.7,14,292,1477,77.21,,,
14478895,2023-02-06 10:48:47,NIO,CALL,SWEEP,AT ASK,20,10.81,2024-01-19,620,62.00K,1,0.98,1,4393,26536,67.67,,,
14478891,2023-02-06 10:48:47,MSFT,CALL,,AT BID,262.5,256.32,2023-02-17,100,28.20K,2.82,2.82,2.83,624,4027,29.75,,,
14478890,2023-02-06 10:48:47,PDD,PUT,,AT ASK,94,90.37,2023-02-17,75,43.50K,5.8,5.65,5.8,132,607,59.14,,,
14478889,2023-02-06 10:48:47,AMZN,CALL,,,96,101.24,2023-02-17,75,48.75K,6.5,6.45,6.55,130,1842,44.25,,,
14478888,2023-02-06 10:48:44,FTNT,PUT,SWEEP,AT BID,55,53.24,2023-03-17,121,48.40K,4,4,4.1,106,2230,45.01,,,
14478887,2023-02-06 10:48:44,SPXS,CALL,SWEEP,AT BID,18,18.16,2023-04-21,499,89.82K,1.8,1.8,1.85,2178,13274,53.28,,,
14478883,2023-02-06 10:48:44,TSLA,PUT,,,170,193.05,2023-03-17,147,117.60K,8,7.95,8.05,1175,18149,73.71,,,
14478886,2023-02-06 10:48:43,AMZN,CALL,SPLIT,AT BID,110,101.17,2023-10-20,92,90.16K,9.8,9.8,9.9,216,2874,34.97,,,
14478885,2023-02-06 10:48:43,XLF,CALL,SPLIT,AT ASK,36,36.35,2023-06-16,170,36.04K,2.12,2.1,2.12,215,32017,19.64,,,
14478884,2023-02-06 10:48:42,NIO,CALL,SWEEP,AT ASK,20,10.82,2024-01-19,500,50.00K,1,0.98,1,3773,26536,67.59,,,
14478880,2023-02-06 10:48:41,META,PUT,,TO BID,100,188.16,2025-01-17,105,63.00K,6,5.95,6.1,221,5414,47.54,,,
14478882,2023-02-06 10:48:39,VIX,CALL,SPLIT,ABV ASK,25,20.87,2023-03-22,5824,780.42K,1.34,1.28,1.33,15466,90344,94.08,,,
14478881,2023-02-06 10:48:39,QQQ,CALL,SWEEP,AT ASK,303,303.61,2023-02-06,399,65.44K,1.64,1.63,1.64,8322,774,42.59,,,
14478873,2023-02-06 10:48:38,TSLA,PUT,,AT ASK,170,193.23,2023-03-17,250,198.75K,7.95,7.9,7.95,1028,18149,73.69,,,
14478872,2023-02-06 10:48:35,TSLA,CALL,SWEEP,TO BID,195,193.19,2023-02-10,56,39.20K,7,7,7.05,33241,8851,93.53,,,
14478871,2023-02-06 10:48:34,BBBY,PUT,SWEEP,AT ASK,4,3.21,2023-02-10,375,43.88K,1.17,1.16,1.17,2213,5200,355.26,,,
14478870,2023-02-06 10:48:34,TSLA,PUT,SPLIT,,180,193.3,2023-02-10,104,25.49K,2.45,2.44,2.46,21982,9232,90.83,,,
14478869,2023-02-06 10:48:34,NIO,CALL,SWEEP,AT ASK,20,10.84,2024-01-19,498,49.30K,0.99,0.97,0.99,3263,26536,67.24,,,
14478867,2023-02-06 10:48:32,BABA,PUT,SPLIT,AT BID,90,104.19,2023-06-16,62,30.07K,4.85,4.85,4.9,1182,7596,47.9,,,
14478866,2023-02-06 10:48:30,NIO,CALL,SPLIT,AT ASK,20,10.84,2024-01-19,500,49.50K,0.99,0.97,0.99,2763,26536,67.24,,,
14478863,2023-02-06 10:48:30,TSLA,CALL,,AT ASK,195,193.31,2023-02-10,61,43.31K,7.1,7,7.1,33080,8851,94,,,
14478865,2023-02-06 10:48:29,TSLA,CALL,SWEEP,TO ASK,195,193.28,2023-02-10,196,139.15K,7.1,7.05,7.1,33183,8851,93.56,,,
14478864,2023-02-06 10:48:28,MRK,CALL,SWEEP,TO BID,104,104.18,2023-02-17,200,34.80K,1.74,1.73,1.84,852,370,21.23,,,
14478861,2023-02-06 10:48:28,AAPL,CALL,SWEEP,AT ASK,157.5,151.78,2023-02-17,200,25.80K,1.29,1.27,1.29,4970,7215,31.49,,,
14478860,2023-02-06 10:48:27,XOP,PUT,SWEEP,,130,131.55,2023-03-17,167,95.45K,5.72,5.65,5.8,821,10123,39.52,,,
14478859,2023-02-06 10:48:26,PSX,PUT,SWEEP,AT BID,95,96.53,2023-05-19,130,78.00K,6,6,6.2,130,217,32.46,,,
14478858,2023-02-06 10:48:26,MRNA,PUT,SWEEP,AT ASK,170,172.06,2023-03-17,54,59.67K,11.05,11,11.05,178,1454,55.65,,,
14478857,2023-02-06 10:48:24,BBBY,PUT,SWEEP,AT ASK,2,3.19,2023-02-10,2970,35.64K,0.12,0.1,0.12,18548,34659,432.44,,,
14478856,2023-02-06 10:48:24,SPXS,CALL,SWEEP,AT BID,18,18.14,2023-04-21,500,90.00K,1.8,1.8,1.84,1678,13274,53.63,,,
14478851,2023-02-06 10:48:22,PDD,PUT,,,65,90.47,2023-04-21,185,27.93K,1.51,1.46,1.57,201,2717,67.26,,,
14478853,2023-02-06 10:48:21,AMZN,CALL,SPLIT,AT BID,105,101.19,2023-02-17,200,33.60K,1.68,1.68,1.69,6329,25395,43.86,,,
14478852,2023-02-06 10:48:20,TSLA,PUT,SWEEP,AT BID,180,193.38,2023-02-17,60,30.90K,5.15,5.15,5.2,6428,14791,81.42,,,
14478850,2023-02-06 10:48:20,TSLA,CALL,SWEEP,AT BID,207.5,193.38,2023-02-10,100,33.00K,3.3,3.3,3.35,7639,4577,99,,,
14478847,2023-02-06 10:48:19,PYPL,CALL,,TO ASK,105,82.8,2024-01-19,850,586.50K,6.9,6.7,7,851,5011,39.05,,,
14478845,2023-02-06 10:48:19,TSLA,CALL,,AT ASK,195,193.41,2023-02-10,61,43.31K,7.1,7.05,7.1,32918,8851,93.39,,,
14478849,2023-02-06 10:48:17,SPY,PUT,SPLIT,AT BID,407,409.35,2023-02-10,105,26.14K,2.49,2.49,2.5,2747,18239,20.77,,,
14478848,2023-02-06 10:48:17,TSLA,CALL,SWEEP,ABV ASK,195,193.29,2023-02-10,100,70.98K,7.1,7,7.05,32946,8851,93.5,,,
14478846,2023-02-06 10:48:17,TSLA,PUT,SWEEP,TO BID,182.5,193.26,2023-02-10,100,31.01K,3.1,3.1,3.15,5764,3314,90.35,,,
14478844,2023-02-06 10:48:17,SPY,PUT,SPLIT,AT ASK,410,409.32,2023-02-10,197,74.86K,3.8,3.79,3.8,12360,15470,20.35,,,
14478841,2023-02-06 10:48:15,NVDA,CALL,,AT ASK,215,211.88,2023-02-10,100,42.00K,4.2,4.15,4.2,14799,4476,60.57,,,
14478840,2023-02-06 10:48:15,TTWO,PUT,,AT BID,105,105.03,2024-01-19,750,975.00K,13,13,13.25,750,2996,37.41,,Pre-Earnings,
14478842,2023-02-06 10:48:14,TSLA,CALL,SWEEP,TO ASK,225,193.25,2023-02-24,150,63.00K,4.2,4.1,4.2,312,2886,80.04,,,
14478839,2023-02-06 10:48:12,TSLA,PUT,SWEEP,TO ASK,190,193.25,2023-02-10,216,129.59K,6,5.95,6,47453,6553,91.89,,,
14478838,2023-02-06 10:48:12,META,CALL,SWEEP,AT BID,205,187.97,2023-02-17,174,28.36K,1.63,1.63,1.65,1879,2916,51.29,,,
14478834,2023-02-06 10:48:12,TSLA,CALL,,,185,193.25,2023-02-10,80,98.80K,12.35,12.3,12.4,3610,7785,91.16,,,
14478831,2023-02-06 10:48:12,SPY,CALL,,AT BID,417,409.31,2023-02-15,121,26.02K,2.15,2.15,2.16,448,469,18.9,,,
14478837,2023-02-06 10:48:11,CRWD,CALL,SWEEP,TO BID,115,113,2023-02-10,196,44.32K,2.26,2.25,2.33,606,542,63.65,,,
14478836,2023-02-06 10:48:11,TSLA,CALL,SWEEP,TO BID,195,193.28,2023-02-10,165,115.69K,7.01,7,7.05,32833,8851,93.58,,,
14478835,2023-02-06 10:48:11,TSLA,CALL,SWEEP,TO ASK,200,193.25,2023-02-10,87,45.66K,5.25,5.2,5.25,69106,28709,95.93,,,
14478832,2023-02-06 10:48:10,SPCE,CALL,SWEEP,AT ASK,13,6.14,2024-01-19,483,44.92K,0.93,0.9,0.93,707,6119,96.14,,,
14478830,2023-02-06 10:48:10,CVS,PUT,SWEEP,AT ASK,80,85.39,2023-08-18,85,29.32K,3.45,3.35,3.45,85,370,25.66,,,
14478829,2023-02-06 10:48:10,SHEL,PUT,SWEEP,AT BID,55,57.33,2023-03-17,419,43.99K,1.05,1.05,1.1,427,1152,25.86,,,
14478826,2023-02-06 10:48:07,BABA,PUT,SPLIT,AT BID,90,104.14,2023-06-16,52,25.22K,4.85,4.85,4.9,996,7596,47.84,,,
14478824,2023-02-06 10:48:06,QQQ,PUT,,TO BID,310,303.56,2023-02-24,150,151.50K,10.1,10.08,10.15,791,1926,24.75,,,
14478825,2023-02-06 10:48:05,TSLA,CALL,SWEEP,,192.5,193.15,2023-02-10,56,45.39K,8.11,8.05,8.15,13126,4284,92.84,,,
14478823,2023-02-06 10:48:04,TSLA,PUT,SPLIT,TO BID,190,193.16,2023-02-17,200,186.20K,9.31,9.3,9.35,5971,11112,81.84,,,
14478822,2023-02-06 10:48:03,TSLA,CALL,SWEEP,AT BID,200,193.15,2023-05-19,60,152.10K,25.35,25.35,25.45,570,5556,66.7,,,
14478821,2023-02-06 10:48:03,GOOG,PUT,SWEEP,AT ASK,100,102.71,2023-07-21,241,154.24K,6.4,6.3,6.4,604,943,31.65,,,
14478820,2023-02-06 10:48:03,TSLA,CALL,SWEEP,BLW BID,200,193.24,2023-02-10,94,48.59K,5.17,5.2,5.25,68972,28709,95.58,,,
14478819,2023-02-06 10:48:03,SPY,PUT,SWEEP,,410,409.35,2023-02-10,128,48.64K,3.8,3.79,3.8,12201,15470,20.35,,,
14478818,2023-02-06 10:48:02,PFE,CALL,SWEEP,AT BID,39,43.85,2023-02-17,1000,495.00K,4.95,4.95,5,2015,7,33.87,OPENING,,
14478817,2023-02-06 10:48:02,SPXS,CALL,SWEEP,AT BID,18,18.14,2023-04-21,498,89.64K,1.8,1.8,1.85,1178,13274,53.63,,,
14478816,2023-02-06 10:48:02,TSLA,CALL,SWEEP,TO BID,195,193.32,2023-02-10,70,49.05K,7.01,7,7.1,32653,8851,93.94,,,
14478812,2023-02-06 10:48:01,NTCO,CALL,SWEEP,BLW BID,5,5.46,2023-02-17,663,33.27K,0.5,0.55,0.9,663,2572,78.65,,,
14478803,2023-02-06 10:47:59,NVDA,CALL,,,215,212.03,2023-02-10,100,42.50K,4.25,4.2,4.3,14685,4476,60.43,,,
14478804,2023-02-06 10:47:58,QQQ,PUT,SWEEP,,300,303.62,2023-02-08,235,40.32K,1.72,1.71,1.73,9255,7700,34.28,,,
14478801,2023-02-06 10:47:58,VIX,CALL,BLOCK,,32,20.87,2023-03-22,20000,1.26M,0.63,0.61,0.65,20052,19246,109.57,OPENING,,
14478800,2023-02-06 10:47:58,VIX,CALL,BLOCK,,24,20.87,2023-03-22,20000,2.96M,1.48,1.45,1.5,20316,159992,89.9,,,
14478802,2023-02-06 10:47:56,TSLA,CALL,SWEEP,ABV ASK,195,193.27,2023-02-10,72,50.77K,7.05,7,7.05,32559,8851,93.63,,,
14478796,2023-02-06 10:47:56,GOOG,PUT,,TO ASK,117.5,102.77,2023-09-15,92,157.23K,17.09,16.4,17.35,222,1349,28.77,,,
14478795,2023-02-06 10:47:56,GOOG,PUT,,AT BID,100,102.77,2023-09-15,92,67.16K,7.3,7.3,7.45,210,4304,31.45,,,
14478799,2023-02-06 10:47:55,SPY,PUT,SWEEP,TO BID,415,409.37,2023-02-10,1134,773.42K,6.82,6.82,6.89,3485,7678,19.56,,,
14478798,2023-02-06 10:47:55,SPY,CALL,SWEEP,AT BID,412,409.37,2023-02-08,159,27.82K,1.75,1.75,1.76,7862,3293,22.15,,,
14478797,2023-02-06 10:47:54,TSLA,PUT,SWEEP,BLW BID,180,193.24,2023-02-10,417,103.45K,2.48,2.5,2.51,21828,9232,91.41,,,
14478785,2023-02-06 10:47:53,SPY,PUT,,AT BID,408,409.39,2023-02-06,538,32.28K,0.6,0.6,0.61,118404,16396,28.08,,,
14478791,2023-02-06 10:47:52,SPY,CALL,SWEEP,ABV ASK,410,409.38,2023-02-06,297,26.12K,0.88,0.86,0.87,118098,2923,27.43,,,
14478790,2023-02-06 10:47:52,SPY,CALL,SWEEP,,410,409.37,2023-02-09,149,45.42K,3.05,3.04,3.05,3668,6648,21.04,,,
14478789,2023-02-06 10:47:52,SPY,CALL,SWEEP,,409,409.37,2023-02-06,257,34.82K,1.35,1.34,1.35,49588,2081,27.52,,,
14478788,2023-02-06 10:47:52,TSLA,PUT,SWEEP,BLW BID,190,193.11,2023-02-10,56,33.67K,6.01,6.05,6.1,47123,6553,91.89,,,
14478787,2023-02-06 10:47:52,AMZN,CALL,SWEEP,AT ASK,160,101.09,2024-06-21,141,47.23K,3.35,3.1,3.35,142,4289,31.4,,,
14478784,2023-02-06 10:47:52,PDD,CALL,,AT ASK,100,90.56,2023-06-16,80,74.40K,9.3,9.25,9.3,201,14832,57.16,,,
14478786,2023-02-06 10:47:51,SPY,PUT,SWEEP,BLW BID,408,409.35,2023-02-06,765,45.92K,0.6,0.61,0.62,118448,16396,27.97,,,
14478778,2023-02-06 10:47:51,CSCO,PUT,,TO BID,52.5,47.97,2024-06-21,150,108.90K,7.26,7.2,7.35,150,248,24.07,,,
14478777,2023-02-06 10:47:51,CSCO,PUT,,TO ASK,52.5,47.97,2024-01-19,150,99.15K,6.61,6.55,6.65,150,1547,23.74,,,
14478782,2023-02-06 10:47:50,PLTR,CALL,SWEEP,AT BID,8.5,8.38,2023-02-10,1500,31.50K,0.21,0.21,0.22,17115,6680,73.17,,,
14478781,2023-02-06 10:47:50,AAPL,PUT,SWEEP,AT BID,152.5,151.76,2023-02-10,402,110.55K,2.75,2.75,2.76,12220,9974,35.06,,,
14478779,2023-02-06 10:47:49,SPY,CALL,SWEEP,AT BID,412,409.37,2023-02-10,200,50.20K,2.51,2.51,2.52,11238,4816,20.16,,,
14478776,2023-02-06 10:47:49,SPY,CALL,SPLIT,AT ASK,409,409.35,2023-03-03,100,83.20K,8.32,8.31,8.32,637,1294,17.38,,,
14478771,2023-02-06 10:47:49,SPY,CALL,,AT ASK,409,409.33,2023-02-06,200,26.60K,1.33,1.32,1.33,49272,2081,27.67,,,
14478770,2023-02-06 10:47:49,QQQ,CALL,,TO BID,335,303.54,2024-01-19,400,716.80K,17.92,17.77,18.09,1654,4158,21.49,,,
14478769,2023-02-06 10:47:49,QQQ,CALL,,,355,303.54,2024-01-19,400,428.80K,10.72,10.59,10.85,1601,5482,20.12,,,
14478774,2023-02-06 10:47:48,SPY,CALL,SWEEP,ABV ASK,409,409.31,2023-02-06,265,35.30K,1.33,1.31,1.32,49324,2081,27.7,,,
14478773,2023-02-06 10:47:48,TSLA,CALL,SWEEP,ABV ASK,200,192.93,2023-02-10,71,36.32K,5.12,5.05,5.1,68829,28709,95.86,,,
14478772,2023-02-06 10:47:48,TSLA,CALL,SWEEP,ABV ASK,195,192.93,2023-02-10,91,63.60K,6.99,6.85,6.9,32465,8851,93.84,,,
14478768,2023-02-06 10:47:46,IWM,CALL,SWEEP,AT ASK,187,194.12,2023-02-24,106,95.40K,9,8.94,9,133,754,24.72,,,
14478767,2023-02-06 10:47:44,PINS,CALL,SWEEP,AT ASK,29,27.14,2023-02-17,797,103.61K,1.3,1.24,1.3,1129,4887,106,,Pre-Earnings,
14478765,2023-02-06 10:47:43,MRNA,PUT,,AT BID,175,172.12,2023-02-10,50,27.00K,5.4,5.4,5.45,200,736,51.72,,,
14478764,2023-02-06 10:47:40,MARA,PUT,SPLIT,TO ASK,11,6.77,2023-06-16,97,55.74K,5.75,5.6,5.75,1360,4581,144.66,,SSR,
14478763,2023-02-06 10:47:40,TSLA,CALL,,,202.5,192.91,2023-02-10,100,43.80K,4.38,4.35,4.4,8286,3918,97.13,,,
14478762,2023-02-06 10:47:40,TSLA,CALL,,,195,192.91,2023-03-17,100,175.80K,17.58,17.5,17.65,1757,3908,71.73,,,
14478761,2023-02-06 10:47:37,AFRM,PUT,SWEEP,AT ASK,15,17.34,2025-01-17,77,45.81K,5.95,5.85,5.95,78,180,92.07,,SSR,
14478760,2023-02-06 10:47:34,TQQQ,PUT,SWEEP,AT BID,22,24.82,2023-02-24,500,32.50K,0.65,0.65,0.67,1319,1771,82.05,,,
14478759,2023-02-06 10:47:34,AFRM,CALL,SWEEP,AT BID,17.5,17.34,2023-03-17,214,60.78K,2.84,2.84,2.88,241,8888,128,,SSR,
14478758,2023-02-06 10:47:32,SPY,CALL,SWEEP,,409,409.2,2023-02-08,102,31.02K,3.04,3.04,3.05,4743,1194,22.59,,,
14478757,2023-02-06 10:47:32,NVDA,PUT,SPLIT,AT ASK,210,211.54,2023-04-21,200,358.00K,17.9,17.75,17.9,1098,446,51.71,,,
14478753,2023-02-06 10:47:29,SNAP,CALL,SWEEP,AT ASK,12,11.49,2023-02-10,1217,27.99K,0.23,0.22,0.23,8098,5936,86.06,,,
14478752,2023-02-06 10:47:28,SPY,PUT,SWEEP,AT BID,415,409.21,2023-02-10,1000,699.00K,6.99,6.99,7.04,2351,7678,19.98,,,
14478751,2023-02-06 10:47:27,KWEB,CALL,SPLIT,,50,32.2,2024-01-19,263,32.13K,1.22,1.21,1.25,364,21744,39.68,,,
14478750,2023-02-06 10:47:27,AMD,CALL,SWEEP,AT ASK,85,84.26,2023-02-17,100,27.00K,2.7,2.68,2.7,834,13343,50.42,,,
14478749,2023-02-06 10:47:26,SPY,CALL,SWEEP,AT BID,417,409.19,2023-02-15,121,25.77K,2.13,2.13,2.14,301,469,18.95,,,
14478748,2023-02-06 10:47:26,SPY,CALL,SWEEP,AT BID,416,409.19,2023-02-15,110,26.84K,2.44,2.44,2.45,184,1623,19.06,,,
14478744,2023-02-06 10:47:25,PINS,PUT,,AT ASK,24.5,27.16,2023-02-10,1114,80.21K,0.72,0.68,0.72,2838,554,157.35,OPENING,Pre-Earnings,
14478743,2023-02-06 10:47:25,PINS,CALL,,AT BID,34.5,27.16,2023-02-10,1114,25.62K,0.23,0.23,0.25,3154,114,165.66,OPENING,Pre-Earnings,
14478742,2023-02-06 10:47:22,BUD,PUT,SWEEP,AT BID,65,58.58,2023-09-15,92,71.76K,7.8,7.8,8,110,308,23.59,,,
14478741,2023-02-06 10:47:20,TSLA,PUT,SWEEP,AT ASK,187.5,192.71,2023-02-17,53,44.26K,8.35,8.3,8.35,1611,1453,81.92,,,
14478740,2023-02-06 10:47:19,QQQ,PUT,SWEEP,AT ASK,310,303.35,2023-02-24,160,164.16K,10.26,10.22,10.26,641,1926,24.84,,,
14478737,2023-02-06 10:47:18,DIS,CALL,,TO BID,115,108.86,2023-04-21,65,26.91K,4.14,4.1,4.2,1952,6454,31.63,,,
14478736,2023-02-06 10:47:18,DIS,CALL,,TO ASK,115,108.86,2023-04-21,74,30.93K,4.18,4.1,4.2,1829,6454,31.84,,,
14478738,2023-02-06 10:47:16,ETSY,CALL,SWEEP,,150,144.87,2023-02-17,100,35.00K,3.5,3.35,3.65,115,1395,54.07,,,
14478735,2023-02-06 10:47:16,TSLA,CALL,SWEEP,AT ASK,230,192.76,2023-02-17,400,95.20K,2.38,2.35,2.38,3736,7502,91.71,,,
14478734,2023-02-06 10:47:16,AMZN,CALL,SWEEP,TO BID,99,100.94,2023-02-24,69,32.77K,4.75,4.7,4.85,85,525,39.75,,,
14478732,2023-02-06 10:47:16,SPY,CALL,,AT ASK,409,409.13,2023-03-03,100,82.50K,8.25,8.23,8.25,532,1294,17.49,,,
14478730,2023-02-06 10:47:16,AAPL,CALL,,AT BID,155,151.69,2023-02-17,200,40.00K,2,2,2.01,9058,45828,31.66,,,
14478733,2023-02-06 10:47:15,TSLA,CALL,SWEEP,,195,192.78,2023-02-10,51,34.81K,6.83,6.8,6.85,32322,8851,94.07,,,
14478729,2023-02-06 10:47:15,TSLA,CALL,,TO ASK,197.5,192.78,2023-02-17,100,92.90K,9.29,9.25,9.3,4335,3802,83.07,,,
14478728,2023-02-06 10:47:13,QQQ,CALL,,,355,303.45,2024-01-19,400,428.40K,10.71,10.56,10.85,1201,5482,20.14,,,
14478727,2023-02-06 10:47:13,QQQ,CALL,,,335,303.45,2024-01-19,400,716.40K,17.91,17.77,18.06,1254,4158,21.51,,,
14478725,2023-02-06 10:47:11,MARA,PUT,,TO ASK,11,6.8,2023-06-16,100,57.20K,5.72,5.6,5.75,1260,4581,143.68,,SSR,
14478726,2023-02-06 10:47:10,AMD,PUT,SPLIT,AT BID,85,84.38,2023-02-17,90,28.80K,3.2,3.2,3.25,1403,7789,49.74,,,
14478724,2023-02-06 10:47:07,TSLA,CALL,SWEEP,TO ASK,192.5,192.97,2023-02-10,54,43.20K,8,7.95,8,12923,4284,92.76,,,
14478723,2023-02-06 10:47:06,TSLA,CALL,SWEEP,TO ASK,200,192.91,2023-02-10,84,42.79K,5.09,5.05,5.1,68540,28709,95.33,,,
14478722,2023-02-06 10:47:06,SPX,PUT,,ABV ASK,4000,4130.19,2023-04-21,200,1.70M,84.9,84,84.5,1189,23680,19.38,SPREAD,,
14478721,2023-02-06 10:47:06,SPX,PUT,,ABV ASK,3900,4115.33,2023-03-17,100,354.20K,35.42,34.9,35.2,2567,57650,21.43,SPREAD,,
14478720,2023-02-06 10:47:06,SPX,PUT,,ABV ASK,4100,4152.08,2023-06-16,100,1.54M,153.98,152.9,153.6,824,19927,18.49,SPREAD,,
14478719,2023-02-06 10:47:06,SPX,PUT,,ABV ASK,3900,4115.33,2023-03-17,100,354.20K,35.42,34.9,35.2,2467,57650,21.43,SPREAD,,
14478718,2023-02-06 10:47:06,SPX,PUT,,ABV ASK,4100,4152.08,2023-06-16,100,1.54M,153.98,152.9,153.6,724,19927,18.49,SPREAD,,
14478717,2023-02-06 10:47:06,SPX,PUT,,ABV ASK,4000,4130.19,2023-04-21,200,1.70M,84.9,84,84.5,989,23680,19.38,SPREAD,,
14478716,2023-02-06 10:47:06,SPX,PUT,,ABV ASK,4000,4130.19,2023-04-21,100,849.00K,84.9,84,84.5,789,23680,19.38,SPREAD,,
14478715,2023-02-06 10:47:06,SPX,PUT,,ABV ASK,3900,4115.33,2023-03-17,100,354.20K,35.42,34.9,35.2,2317,57650,21.43,SPREAD,,
14478714,2023-02-06 10:47:06,SPX,PUT,,ABV ASK,4100,4152.08,2023-06-16,100,1.54M,153.98,152.9,153.6,574,19927,18.49,SPREAD,,
14478713,2023-02-06 10:47:06,SPX,PUT,,ABV ASK,4000,4130.19,2023-04-21,200,1.70M,84.9,84,84.5,689,23680,19.38,SPREAD,,
14478712,2023-02-06 10:47:02,AAPL,CALL,SWEEP,AT ASK,175,151.74,2023-04-21,500,49.50K,0.99,0.97,0.99,1755,8147,24.67,,,
14478711,2023-02-06 10:47:00,SPXU,CALL,SWEEP,AT BID,15,13.74,2023-06-16,300,44.40K,1.48,1.48,1.57,304,3821,59.43,,,
14478710,2023-02-06 10:47:00,SPY,CALL,SWEEP,AT ASK,410,409.21,2023-02-10,250,84.25K,3.37,3.36,3.37,9347,49958,20.52,,,
14478709,2023-02-06 10:46:59,TSLA,CALL,SWEEP,TO BID,195,192.74,2023-02-10,127,86.44K,6.81,6.8,6.85,32230,8851,93.69,,,
14478708,2023-02-06 10:46:58,SPXS,CALL,SWEEP,AT BID,18,18.14,2023-04-21,500,90.00K,1.8,1.8,1.86,678,13274,53.46,,,
14478707,2023-02-06 10:46:58,SPY,CALL,SWEEP,,410,409.24,2023-02-07,239,49.35K,2.06,2.06,2.07,33109,2946,25.32,,,
14478705,2023-02-06 10:46:57,TQQQ,PUT,SWEEP,AT BID,22,24.86,2023-02-24,530,34.45K,0.65,0.65,0.68,819,1771,82.59,,,
14478703,2023-02-06 10:46:56,SI,PUT,SWEEP,AT BID,16,17.73,2023-02-17,427,83.27K,1.95,1.95,2.2,362,180,230.26,OPENING,SSR,
14478702,2023-02-06 10:46:55,XLE,CALL,SWEEP,AT BID,85,84.83,2023-03-17,144,48.96K,3.4,3.4,3.45,318,24248,29.54,,,
14478700,2023-02-06 10:46:54,SPY,CALL,SWEEP,,409,409.29,2023-02-06,604,78.24K,1.3,1.29,1.3,48342,2081,27.52,,,
14478698,2023-02-06 10:46:52,ENPH,CALL,SWEEP,AT ASK,275,227.28,2023-02-10,100,31.00K,3.1,2.97,3.1,2110,247,162.7,,,
14478697,2023-02-06 10:46:51,TSLA,CALL,SWEEP,AT BID,207.5,192.96,2023-02-10,200,64.00K,3.2,3.2,3.25,7502,4577,99.21,,,
14478694,2023-02-06 10:46:50,PYPL,CALL,,TO BID,65,82.78,2023-02-17,50,90.45K,18.09,17.95,18.25,101,280,80.13,,,
14478693,2023-02-06 10:46:50,PYPL,CALL,,TO ASK,65,82.78,2023-03-17,50,93.85K,18.77,18.6,18.9,100,758,58.24,,,
14478692,2023-02-06 10:46:50,PYPL,CALL,,TO BID,65,82.78,2023-02-17,50,90.45K,18.09,17.95,18.25,51,280,80.13,,,
14478691,2023-02-06 10:46:50,PYPL,CALL,,TO ASK,65,82.78,2023-03-17,50,93.85K,18.77,18.6,18.9,50,758,58.24,,,
14478696,2023-02-06 10:46:49,MCD,CALL,SPLIT,AT ASK,265,265.74,2023-02-17,222,91.02K,4.1,4.05,4.1,3480,1102,18.67,,,
14478695,2023-02-06 10:46:49,SPY,CALL,SWEEP,,409,409.31,2023-02-06,264,34.99K,1.33,1.31,1.33,47683,2081,27.96,,,
14478690,2023-02-06 10:46:48,MCD,CALL,SWEEP,AT ASK,265,265.72,2023-02-17,574,235.34K,4.1,4.05,4.1,3258,1102,18.71,,,
14478689,2023-02-06 10:46:47,SPY,PUT,SWEEP,,410,409.35,2023-02-17,245,138.71K,5.66,5.67,5.67,8399,35762,19.6,,,
14478688,2023-02-06 10:46:47,TSLA,PUT,SWEEP,TO BID,190,192.91,2023-02-17,59,55.55K,9.41,9.4,9.5,5870,11112,81.99,,,
14478687,2023-02-06 10:46:47,SPY,CALL,SWEEP,,409,409.31,2023-02-06,244,32.25K,1.32,1.31,1.32,47416,2081,27.65,,,
14478685,2023-02-06 10:46:47,SPXS,CALL,SWEEP,AT BID,19,18.14,2023-02-24,468,27.61K,0.59,0.59,0.6,531,440,57.4,OPENING,,
14478686,2023-02-06 10:46:46,SPY,CALL,SWEEP,ABV ASK,410,409.31,2023-02-06,772,66.03K,0.86,0.84,0.85,116022,2923,27.85,,,
14478681,2023-02-06 10:46:46,DIS,CALL,,AT BID,115,108.98,2023-02-17,162,27.05K,1.67,1.67,1.7,2628,14318,49.92,,,
14478680,2023-02-06 10:46:46,DIS,CALL,,TO ASK,115,108.98,2023-04-21,81,33.94K,4.19,4.1,4.2,903,6454,31.63,,,
14478679,2023-02-06 10:46:46,DIS,CALL,,TO ASK,115,108.98,2023-04-21,65,27.23K,4.19,4.1,4.2,597,6454,31.63,,,
14478677,2023-02-06 10:46:46,DIS,CALL,,AT BID,115,108.98,2023-02-17,162,27.05K,1.67,1.67,1.71,1886,14318,49.92,,,
14478676,2023-02-06 10:46:46,DIS,CALL,,TO ASK,115,108.98,2023-04-21,81,33.94K,4.19,4.1,4.2,532,6454,31.64,,,
14478674,2023-02-06 10:46:46,DIS,CALL,,TO ASK,115,108.98,2023-04-21,65,27.23K,4.19,4.1,4.2,342,6454,31.62,,,
14478673,2023-02-06 10:46:46,DIS,CALL,,AT BID,115,108.98,2023-02-17,162,27.05K,1.67,1.67,1.71,1260,14318,49.89,,,
14478671,2023-02-06 10:46:46,DIS,CALL,,TO ASK,115,108.98,2023-04-21,81,33.94K,4.19,4.1,4.2,219,6454,31.62,,,
14478665,2023-02-06 10:46:45,AEP,CALL,,TO ASK,85,91.92,2023-02-17,324,227.77K,7.03,6.8,7.1,326,366,35.41,,,
14478664,2023-02-06 10:46:45,AEP,CALL,,TO BID,85,91.92,2023-05-19,324,274.75K,8.48,8.4,8.6,326,21,22.22,OPENING,,
14478678,2023-02-06 10:46:44,META,PUT,SWEEP,TO BID,140,187.77,2024-01-19,83,75.94K,9.15,9.1,9.3,83,2899,45.91,,,
14478675,2023-02-06 10:46:44,QQQ,PUT,SWEEP,AT BID,235,303.54,2023-06-16,156,36.19K,2.32,2.32,2.33,161,14985,34.19,,,
14478672,2023-02-06 10:46:44,SPY,PUT,SWEEP,AT ASK,410,409.26,2023-03-03,100,72.50K,7.25,7.23,7.25,1870,3541,17.34,,,
14478660,2023-02-06 10:46:44,SPX,CALL,,,4165,4104.79,2023-02-07,100,46.00K,4.6,4.5,4.7,955,1271,24.49,,,
14478670,2023-02-06 10:46:43,TSLA,CALL,SPLIT,AT ASK,205,192.91,2023-02-24,90,76.05K,8.45,8.4,8.45,1307,1601,76.01,,,
14478669,2023-02-06 10:46:43,TSLA,CALL,SWEEP,AT ASK,207.5,192.9,2023-02-10,600,192.00K,3.2,3.15,3.2,7300,4577,99.45,,,
14478668,2023-02-06 10:46:43,QQQ,CALL,SPLIT,AT ASK,311,303.54,2023-03-24,105,79.91K,7.61,7.57,7.61,121,127,23.83,,,
14478667,2023-02-06 10:46:43,META,CALL,SWEEP,AT ASK,145,187.75,2024-02-16,71,433.81K,61.1,59.1,61.1,71,0,44.61,OPENING,,
14478666,2023-02-06 10:46:43,DIS,PUT,SWEEP,AT BID,108,108.96,2023-03-10,110,45.65K,4.15,4.15,4.25,122,13,37.38,OPENING,,
14478661,2023-02-06 10:46:43,SPY,CALL,,,410,409.27,2023-02-07,200,41.40K,2.07,2.06,2.08,32704,2946,25.15,,,
14478653,2023-02-06 10:46:43,QQQ,PUT,,TO ASK,304,303.47,2023-12-15,100,228.00K,22.8,22.71,22.82,200,20,24.37,OPENING,,
14478652,2023-02-06 10:46:43,QQQ,CALL,,TO BID,335,303.47,2024-01-19,315,565.42K,17.95,17.9,18.06,853,4158,21.54,,,
14478651,2023-02-06 10:46:43,QQQ,CALL,,TO ASK,355,303.47,2024-01-19,315,338.63K,10.75,10.51,10.82,800,5482,20.17,,,
14478663,2023-02-06 10:46:42,TSLA,CALL,SWEEP,ABV ASK,192.5,192.85,2023-02-10,131,104.28K,7.96,7.9,7.95,12812,4284,92.89,,,
14478662,2023-02-06 10:46:42,TSLA,CALL,SWEEP,TO ASK,200,192.81,2023-02-10,83,42.27K,5.09,5,5.1,68322,28709,96.44,,,
14478655,2023-02-06 10:46:41,TSM,PUT,SWEEP,AT BID,95,91.16,2023-04-21,74,52.54K,7.1,7.1,7.2,102,1826,31.26,,,
14478654,2023-02-06 10:46:41,SPY,CALL,SWEEP,,410,409.2,2023-02-06,331,26.96K,0.81,0.81,0.82,115176,2923,27.85,,,
14478649,2023-02-06 10:46:39,SNAP,CALL,SWEEP,AT ASK,11,11.52,2023-02-17,306,29.38K,0.96,0.95,0.96,2706,26861,83.9,,,
14478648,2023-02-06 10:46:39,ARRY,CALL,SWEEP,TO BID,20,20.93,2023-02-17,989,168.14K,1.7,1.7,1.85,2317,1090,81.98,,,
14478647,2023-02-06 10:46:37,META,CALL,SWEEP,AT BID,200,187.65,2023-02-10,432,48.82K,1.13,1.13,1.14,42879,16340,60.72,,,
14478645,2023-02-06 10:46:37,ATVI,CALL,,TO ASK,70,72.35,2023-03-17,1323,714.42K,5.4,4.6,5.85,1326,1675,42.13,,Pre-Earnings,
14478646,2023-02-06 10:46:36,SPY,PUT,SWEEP,AT BID,350,409.21,2023-06-16,700,277.90K,3.97,3.97,3.98,948,27936,25.56,,,
14478638,2023-02-06 10:46:36,SPX,PUT,,,3400,4114.88,2023-03-17,200,90.00K,4.5,4.4,4.6,236,30715,31.28,,,
14478642,2023-02-06 10:46:34,META,CALL,SPLIT,AT ASK,200,187.62,2023-02-10,253,28.59K,1.13,1.12,1.13,42447,16340,60.78,,,
14478641,2023-02-06 10:46:34,SPY,CALL,SWEEP,ABV ASK,410,409.12,2023-02-06,427,34.55K,0.81,0.78,0.79,114708,2923,28.22,,,
14478640,2023-02-06 10:46:34,SPY,CALL,SWEEP,AT ASK,409,409.11,2023-02-07,200,50.20K,2.51,2.49,2.51,9403,1098,25.55,,,
14478639,2023-02-06 10:46:34,SPY,CALL,SWEEP,,408,409.11,2023-02-07,117,35.70K,3.05,3.04,3.05,6842,1454,25.55,,,
14478635,2023-02-06 10:46:33,TSLA,PUT,,,185,192.69,2023-02-10,64,26.56K,4.15,4.1,4.2,18072,8886,91.42,,,
14478634,2023-02-06 10:46:33,SPY,PUT,,AT BID,410,409.11,2023-02-06,200,33.60K,1.68,1.68,1.69,96402,13530,28.34,,,
14478637,2023-02-06 10:46:32,KMX,PUT,SWEEP,AT BID,55,76.75,2023-07-21,123,27.68K,2.25,2.25,2.35,125,344,56.13,,,
14478633,2023-02-06 10:46:32,PDD,PUT,,AT BID,90,90.42,2023-02-17,350,120.75K,3.45,3.45,3.6,2112,6364,59.15,,,
14478632,2023-02-06 10:46:29,SPY,PUT,SWEEP,ABV ASK,409,409.06,2023-02-06,353,40.59K,1.15,1.13,1.14,134788,11450,28.01,,,
14478630,2023-02-06 10:46:29,SPGI,CALL,,TO ASK,365,367.49,2023-02-10,50,44.25K,8.85,8.1,9.2,50,72,47.11,,,
14478631,2023-02-06 10:46:28,ENPH,CALL,SWEEP,AT ASK,275,227.37,2023-02-10,100,31.00K,3.1,2.95,3.1,2010,247,162.43,,,
14478628,2023-02-06 10:46:28,SPY,CALL,,,410,409.06,2023-02-10,100,33.00K,3.3,3.29,3.31,9031,49958,20.55,,,
14478627,2023-02-06 10:46:27,ARKG,PUT,,AT BID,35,34.66,2023-03-17,300,67.50K,2.25,2.25,2.4,300,68,46.86,OPENING,,
14478626,2023-02-06 10:46:27,ARKG,CALL,,TO BID,35,34.66,2023-03-17,300,60.00K,2,1.95,2.15,300,367,46.58,,,
14478624,2023-02-06 10:46:26,AAPL,PUT,,,125,151.75,2023-07-21,100,27.60K,2.76,2.74,2.78,109,7610,33.06,,,
14478623,2023-02-06 10:46:26,AAPL,PUT,,TO ASK,135,151.75,2023-10-20,100,64.10K,6.41,6.25,6.5,112,1917,30.46,,,
14478625,2023-02-06 10:46:25,MARA,PUT,SWEEP,TO ASK,11,6.8,2023-06-16,100,57.35K,5.73,5.65,5.75,1160,4581,144.39,,SSR,
14478622,2023-02-06 10:46:24,TSLA,CALL,SWEEP,BLW BID,200,192.63,2023-02-10,64,31.98K,5,5,5.05,68162,28709,96.01,,,
14478621,2023-02-06 10:46:24,KWEB,CALL,SWEEP,TO ASK,36,32.2,2023-03-17,1250,98.70K,0.79,0.75,0.79,1448,8630,47.8,,,
14478619,2023-02-06 10:46:22,TSLA,CALL,SWEEP,TO BID,192.5,192.76,2023-02-10,172,135.13K,7.86,7.85,7.95,12600,4284,92.89,,,
14478616,2023-02-06 10:46:21,IWM,PUT,SPLIT,AT BID,165,194.03,2023-06-16,200,48.00K,2.4,2.4,2.41,854,54967,28.35,,,
14478611,2023-02-06 10:46:21,NVDA,CALL,,AT ASK,220,211.57,2023-04-21,192,316.80K,16.5,16.4,16.5,546,3992,50.6,,,
14478615,2023-02-06 10:46:20,TSLA,CALL,SPLIT,AT ASK,205,192.76,2023-02-24,120,100.80K,8.4,8.35,8.4,1215,1601,76.07,,,
14478614,2023-02-06 10:46:20,SPY,PUT,SWEEP,,409,409.19,2023-02-06,398,43.77K,1.1,1.1,1.11,134396,11450,28.55,,,
14478613,2023-02-06 10:46:20,TSLA,CALL,SWEEP,ABV ASK,195,192.68,2023-02-10,52,35.38K,6.8,6.75,6.8,31930,8851,94.06,,,
14478604,2023-02-06 10:46:20,MSFT,CALL,,AT ASK,275,256.06,2023-03-17,99,25.05K,2.53,2.52,2.53,641,9743,25.42,,,
14478612,2023-02-06 10:46:19,TSLA,PUT,SWEEP,TO BID,190,192.66,2023-02-10,61,38.22K,6.26,6.25,6.3,46769,6553,92.3,,,
14478610,2023-02-06 10:46:18,IWM,PUT,SWEEP,AT BID,165,194.03,2023-06-16,300,72.00K,2.4,2.4,2.42,654,54967,28.35,,,
14478609,2023-02-06 10:46:18,QQQ,PUT,SWEEP,,303,303.38,2023-02-06,220,25.44K,1.16,1.15,1.16,35887,4649,43.47,,,
14478605,2023-02-06 10:46:18,AMD,CALL,SWEEP,,84,84.34,2023-02-24,115,43.70K,3.8,3.75,3.85,283,375,46.9,,,
14478603,2023-02-06 10:46:17,C,CALL,SWEEP,AT ASK,55,49.95,2024-01-19,340,112.20K,3.3,3.25,3.3,571,41206,25.08,,,
14478602,2023-02-06 10:46:17,SPX,PUT,SPLIT,TO BID,4100,4103.34,2023-02-06,109,105.84K,9.71,9.7,9.8,16100,6038,28.49,,,
14478601,2023-02-06 10:46:16,IWM,PUT,SWEEP,AT ASK,165,194.06,2023-06-16,225,54.00K,2.4,2.39,2.4,354,54967,28.36,,,
14478599,2023-02-06 10:46:16,SPY,PUT,SWEEP,AT BID,409,409.14,2023-02-08,100,28.00K,2.8,2.8,2.81,6085,4545,22.79,,,
14478596,2023-02-06 10:46:16,PLTR,PUT,,AT BID,7,8.37,2023-08-18,295,25.07K,0.85,0.85,0.9,859,8083,68.5,,,
14478597,2023-02-06 10:46:15,AFRM,PUT,SWEEP,AT ASK,12.5,17.34,2025-01-17,88,40.04K,4.55,4.45,4.55,91,573,94.56,,SSR,
14478592,2023-02-06 10:46:15,TSLA,CALL,,AT ASK,192.5,192.53,2023-02-10,50,39.00K,7.8,7.75,7.8,12380,4284,93.11,,,
14478595,2023-02-06 10:46:13,QQQ,PUT,SPLIT,AT BID,302,303.32,2023-02-06,1000,79.00K,0.79,0.79,0.8,21517,5222,43.69,,,
14478594,2023-02-06 10:46:13,SPY,PUT,SWEEP,AT BID,405,409.11,2023-02-13,163,36.35K,2.23,2.23,2.24,1754,2271,17.75,,,
14478593,2023-02-06 10:46:13,TSLA,CALL,SWEEP,ABV ASK,200,192.42,2023-02-10,75,36.77K,4.9,4.85,4.9,68034,28709,95.74,,,
14478591,2023-02-06 10:46:13,AAPL,PUT,SWEEP,,150,151.68,2023-02-10,185,29.76K,1.61,1.6,1.61,38564,31866,35.56,,,
14478590,2023-02-06 10:46:13,NET,PUT,SPLIT,AT BID,60,57.79,2023-02-17,175,104.13K,5.95,5.95,6.05,180,1290,117.13,,,
14478589,2023-02-06 10:46:13,TSLA,CALL,SWEEP,AT ASK,190,192.36,2023-02-10,119,105.91K,8.9,8.8,8.9,14872,12610,92.21,,,
14478588,2023-02-06 10:46:13,ROG,CALL,SPLIT,TO ASK,150,154.81,2023-03-17,50,57.50K,11.5,10.5,12.3,312,219,43.06,,,
14478582,2023-02-06 10:46:13,TSLA,CALL,,AT ASK,190,192.43,2023-02-17,116,143.26K,12.35,12.25,12.35,1867,12440,81.52,,,
14478587,2023-02-06 10:46:12,SNOW,CALL,SWEEP,BLW BID,170,158.97,2023-02-17,200,72.99K,3.65,3.65,3.7,1338,1814,68.37,,,
14478586,2023-02-06 10:46:12,C,CALL,SPLIT,AT BID,50,49.95,2024-01-19,150,84.00K,5.6,5.6,5.65,174,37326,26.94,,,
14478585,2023-02-06 10:46:12,DIS,CALL,SPLIT,AT ASK,108,108.82,2023-03-24,99,62.37K,6.3,6.1,6.3,114,3,36.03,OPENING,,
14478583,2023-02-06 10:46:12,META,CALL,SWEEP,ABV ASK,195,187.46,2023-02-10,398,80.24K,2.02,2,2.01,13921,5489,58.84,,,
14478577,2023-02-06 10:46:09,META,CALL,SPLIT,,195,187.44,2023-02-10,386,77.59K,2.01,2.01,2.01,13432,5489,58.9,,,
14478575,2023-02-06 10:46:04,OXY,CALL,,,75,60.57,2024-01-19,57,27.36K,4.8,4.7,4.9,95,2893,38.21,,,
14478576,2023-02-06 10:46:03,META,CALL,SWEEP,BLW BID,200,187.48,2023-02-10,1010,113.41K,1.12,1.13,1.14,41797,16340,61.27,,,
14478574,2023-02-06 10:46:02,SPY,CALL,SWEEP,AT ASK,415,409,2023-02-10,250,35.25K,1.41,1.4,1.41,11364,41290,20.09,,,
14478573,2023-02-06 10:46:02,AAPL,CALL,SWEEP,AT ASK,145,151.65,2023-10-20,55,111.10K,20.2,20.05,20.2,59,1219,28.94,,,
14478571,2023-02-06 10:46:02,NVDA,CALL,,AT ASK,215,211.1,2023-02-10,99,38.61K,3.9,3.85,3.9,14433,4476,60.85,,,
14478570,2023-02-06 10:46:02,TSLA,PUT,,TO BID,180,192.07,2023-02-24,50,35.55K,7.11,7.1,7.15,1670,1172,74.68,,,
14478572,2023-02-06 10:46:01,C,CALL,SWEEP,AT ASK,55,49.94,2024-01-19,200,66.00K,3.3,3.25,3.3,230,41206,25.1,,,
14478568,2023-02-06 10:45:57,AAPL,PUT,,,160,151.59,2023-04-21,50,58.10K,11.62,11.5,11.75,346,5319,26.09,,,
14478569,2023-02-06 10:45:56,MCD,CALL,SWEEP,AT BID,265,265.72,2023-02-17,228,93.48K,4.1,4.1,4.15,2673,1102,18.71,,,
14478565,2023-02-06 10:45:52,TSLA,PUT,SPLIT,AT ASK,190,191.97,2023-02-17,100,98.50K,9.85,9.8,9.85,5802,11112,82.01,,,
14478564,2023-02-06 10:45:51,SPY,CALL,SWEEP,,408,408.94,2023-02-10,322,138.59K,4.3,4.29,4.3,5003,10569,20.78,,,
14478563,2023-02-06 10:45:50,USO,PUT,SWEEP,AT ASK,63,63.84,2023-02-17,173,26.82K,1.55,1.43,1.55,184,1754,44.91,,,
14478562,2023-02-06 10:45:50,SPY,PUT,SWEEP,,408,408.9,2023-02-13,108,36.93K,3.42,3.42,3.43,992,1547,17.39,,,
14478560,2023-02-06 10:45:49,SQQQ,CALL,SPLIT,TO ASK,35,35.76,2023-03-10,300,103.80K,3.46,3.4,3.5,590,1135,71.9,,,
14478558,2023-02-06 10:45:48,SPY,CALL,SWEEP,AT ASK,422,408.89,2023-02-10,1000,30.00K,0.3,0.29,0.3,3653,9396,19.93,,,
14478556,2023-02-06 10:45:46,TSLA,PUT,SWEEP,AT ASK,195,191.9,2023-04-21,99,245.03K,24.75,24.65,24.75,451,1092,69.59,,,
14478554,2023-02-06 10:45:41,AAPL,PUT,SWEEP,AT ASK,150,151.54,2023-03-17,60,28.20K,4.7,4.65,4.7,2313,34306,28.65,,,
14478551,2023-02-06 10:45:40,SPY,CALL,,AT ASK,408,408.95,2023-02-10,282,121.26K,4.3,4.3,4.32,4452,10569,20.75,,,
14478552,2023-02-06 10:45:39,SPY,CALL,SWEEP,AT ASK,408,408.94,2023-02-10,573,246.39K,4.3,4.29,4.3,4680,10569,20.81,,,
14478550,2023-02-06 10:45:36,BABA,PUT,SPLIT,AT BID,70,104.14,2024-01-19,100,40.50K,4.05,4.05,4.1,301,11218,50.43,,,
14478549,2023-02-06 10:45:36,XLE,PUT,SWEEP,AT BID,80,84.73,2023-04-21,125,32.75K,2.62,2.62,2.67,149,30309,31.13,,,
14478548,2023-02-06 10:45:35,AMZN,CALL,SWEEP,AT ASK,102,100.82,2023-02-10,500,80.00K,1.6,1.59,1.6,6489,2011,48.25,,,
14478547,2023-02-06 10:45:35,SPY,CALL,SWEEP,,411,408.94,2023-02-10,500,140.41K,2.81,2.8,2.81,5751,3564,20.56,,,
14478546,2023-02-06 10:45:35,META,PUT,SPLIT,AT ASK,100,187.38,2025-01-17,106,64.13K,6.05,6,6.05,115,5414,47.52,,,
14478541,2023-02-06 10:45:35,SPY,PUT,,TO ASK,410,408.94,2023-06-16,100,163.30K,16.33,16.29,16.34,253,19450,18.29,,,
14478544,2023-02-06 10:45:34,TMUS,PUT,SWEEP,AT ASK,125,141.78,2024-01-19,66,39.60K,6,5.8,6,275,3152,28.39,,,
14478539,2023-02-06 10:45:32,SPY,PUT,SPLIT,AT ASK,407,409.05,2023-02-10,100,26.40K,2.64,2.63,2.64,2598,18239,20.96,,,
14478538,2023-02-06 10:45:32,C,CALL,,,75,49.95,2025-01-17,400,54.00K,1.35,1.3,1.4,1156,6810,24.54,,,
14478536,2023-02-06 10:45:30,CCL,CALL,,,11.5,11.64,2023-02-10,1345,59.18K,0.44,0.43,0.45,2943,3522,71.86,,,
14478535,2023-02-06 10:45:30,CCL,CALL,,,11.5,11.64,2023-03-10,1345,118.36K,0.88,0.87,0.9,2580,61,56.63,OPENING,,
14478537,2023-02-06 10:45:29,XLE,PUT,SWEEP,AT BID,66,84.72,2025-01-17,200,106.00K,5.3,5.3,5.6,220,2,32.34,OPENING,,
14478533,2023-02-06 10:45:28,MARA,PUT,,TO ASK,11,6.79,2023-06-16,100,57.30K,5.73,5.65,5.75,1060,4581,144.01,,SSR,
14478534,2023-02-06 10:45:27,BILL,PUT,SWEEP,TO BID,90,95.44,2023-03-17,108,59.41K,5.5,5.5,5.6,138,233,67.11,,SSR,
14478532,2023-02-06 10:45:27,GOOG,PUT,,AT ASK,95,102.72,2023-03-17,203,30.45K,1.5,1.49,1.5,1792,16143,34.49,SPREAD,,
14478531,2023-02-06 10:45:27,AAPL,CALL,,AT ASK,150,151.57,2023-06-16,50,61.25K,12.25,12.15,12.25,226,26404,28.94,,,
14478529,2023-02-06 10:45:24,KMX,CALL,,TO BID,100,76.75,2023-07-21,244,69.78K,2.86,2.8,2.95,244,101,43.36,OPENING,,
14478528,2023-02-06 10:45:24,KMX,CALL,,TO ASK,95,76.75,2023-07-21,244,96.14K,3.94,3.8,4,244,2546,44.26,,,
14478530,2023-02-06 10:45:23,TSLA,CALL,SWEEP,TO BID,200,192.12,2023-03-10,100,137.54K,13.75,13.75,13.9,1239,1067,73.51,,,
14478527,2023-02-06 10:45:22,SPXU,CALL,SWEEP,AT BID,14,13.76,2023-06-16,190,33.44K,1.76,1.76,1.84,213,2055,56.36,,,
14478526,2023-02-06 10:45:21,TSLA,CALL,SWEEP,ABV ASK,200,191.95,2023-02-10,92,44.16K,4.8,4.7,4.75,67838,28709,96.06,,,
14478524,2023-02-06 10:45:21,NVDA,CALL,,,220,211.19,2023-04-21,200,327.00K,16.35,16.35,16.35,346,3992,50.7,,,
14478523,2023-02-06 10:45:17,IQ,CALL,SPLIT,AT BID,4,6.88,2025-01-17,200,87.00K,4.35,4.35,4.4,200,101,90.22,OPENING,,
14478522,2023-02-06 10:45:17,XLE,CALL,SWEEP,AT ASK,110,84.72,2024-06-21,199,65.67K,3.3,3,3.3,320,1911,25.89,,,
14478521,2023-02-06 10:45:17,AMZN,PUT,SWEEP,,105,100.77,2023-03-17,52,36.92K,7.1,7.05,7.15,1670,10473,37.19,,,
14478519,2023-02-06 10:45:17,CSTM,CALL,,TO BID,16,14.89,2023-02-24,3000,201.00K,0.67,0,1.4,3000,3324,98.76,SPREAD,SSR,
14478518,2023-02-06 10:45:17,CSTM,PUT,,TO ASK,14,14.89,2023-02-24,3000,216.00K,0.72,0,0.75,3000,638,67.08,OPEN SPREAD,SSR,
14478520,2023-02-06 10:45:16,QQQ,CALL,SWEEP,AT BID,313,303.12,2023-02-17,123,29.52K,2.4,2.4,2.42,491,1307,27.64,,,
14478515,2023-02-06 10:45:15,NVDA,CALL,,AT BID,250,211.09,2023-03-17,99,37.13K,3.75,3.75,3.8,483,7603,53.47,,,
14478513,2023-02-06 10:45:15,LCID,CALL,,TO ASK,16,11.65,2023-05-19,3400,394.40K,1.16,1.06,1.24,5775,369,107.61,OPENING,,
14478516,2023-02-06 10:45:13,TMUS,PUT,SWEEP,AT ASK,125,141.74,2024-01-19,102,61.20K,6,5.8,6,209,3152,28.36,,,
14478514,2023-02-06 10:45:13,SPY,PUT,SWEEP,,410,408.91,2023-02-07,170,50.50K,2.97,2.97,2.99,20111,5408,25.43,,,
14478512,2023-02-06 10:45:12,QQQ,CALL,SPLIT,,310,303.07,2023-03-17,100,70.97K,7.1,7.07,7.11,1685,46688,23.86,,,
14478511,2023-02-06 10:45:12,TSLA,CALL,SPLIT,AT BID,205,191.82,2023-02-10,100,34.00K,3.4,3.4,3.5,23787,8933,97.87,,,
14478508,2023-02-06 10:45:12,SPY,PUT,,,409,408.9,2023-02-06,350,42.70K,1.22,1.21,1.23,133185,11450,28.08,,,
14478509,2023-02-06 10:45:10,GM,PUT,SWEEP,AT ASK,38,41.05,2024-01-19,79,26.86K,3.4,3.35,3.4,421,14164,35.39,,,
14478507,2023-02-06 10:45:10,AMZN,CALL,SWEEP,AT ASK,105,100.89,2023-02-17,1260,200.35K,1.59,1.57,1.59,6083,25395,44.06,,,
14478506,2023-02-06 10:45:07,OXY,CALL,,TO ASK,60,60.51,2023-03-17,73,27.23K,3.73,3.6,3.75,339,5014,43.63,,,
14478505,2023-02-06 10:45:07,SPY,PUT,,AT ASK,410,409.05,2023-02-08,200,67.20K,3.36,3.34,3.36,8090,5683,22.69,,,
14478504,2023-02-06 10:45:06,AAPL,PUT,,AT BID,110,151.53,2023-06-16,600,58.80K,0.98,0.98,0.99,1031,26450,38.77,SPREAD,,
14478503,2023-02-06 10:45:06,AAPL,PUT,,BLW BID,110,151.53,2023-06-16,300,29.10K,0.97,0.98,0.99,431,26450,38.67,SPREAD,,
14478502,2023-02-06 10:45:06,AAPL,CALL,,AT BID,155,151.53,2023-06-16,300,283.50K,9.45,9.45,9.55,499,21144,27.86,SPREAD,,
14478501,2023-02-06 10:45:04,BILI,PUT,SWEEP,,24,22.93,2023-02-17,150,28.50K,1.9,1.87,1.93,183,3092,80.64,,,
14478500,2023-02-06 10:45:03,AAPL,CALL,SWEEP,AT BID,145,151.49,2023-02-17,98,74.97K,7.65,7.65,7.7,627,30038,33.56,,,
14478499,2023-02-06 10:45:03,SPY,PUT,SPLIT,AT ASK,400,408.94,2023-02-07,2136,46.99K,0.22,0.21,0.22,14090,7185,26.83,,,
14478497,2023-02-06 10:45:00,SPY,PUT,SWEEP,AT ASK,409,409.04,2023-02-08,100,28.50K,2.85,2.83,2.85,5919,4545,22.78,,,
14478496,2023-02-06 10:44:58,SNAP,CALL,SWEEP,AT ASK,11,11.46,2023-02-10,505,33.84K,0.67,0.66,0.67,7626,10218,82.37,,,
14478495,2023-02-06 10:44:58,NVDA,PUT,,,200,211.37,2023-02-17,100,36.20K,3.62,3.6,3.65,2561,6523,56.77,,,
14478494,2023-02-06 10:44:56,DVN,PUT,,,55,59.48,2023-03-17,200,37.80K,1.89,1.86,1.91,363,2280,47.5,,,
14478493,2023-02-06 10:44:55,GOOG,PUT,,TO ASK,117.5,102.69,2023-09-15,100,171.00K,17.1,16.15,17.45,120,1349,28.65,,,
14478492,2023-02-06 10:44:55,GOOG,PUT,,AT BID,100,102.69,2023-09-15,100,73.50K,7.35,7.35,7.45,115,4304,31.54,,,
14478491,2023-02-06 10:44:53,PDD,CALL,SPLIT,AT BID,100,90.51,2023-04-21,100,62.00K,6.2,6.2,6.25,152,1883,58.16,,,
14478490,2023-02-06 10:44:53,AMZN,CALL,SWEEP,AT BID,120,101,2023-03-17,561,35.34K,0.63,0.63,0.64,2991,36675,39.05,,,
14478489,2023-02-06 10:44:53,AMZN,CALL,SWEEP,AT ASK,110,100.99,2023-03-17,180,35.46K,1.97,1.95,1.97,4279,34861,37.21,,,
14478487,2023-02-06 10:44:48,SPY,CALL,SPLIT,AT ASK,420,409.03,2023-02-17,200,34.20K,1.71,1.7,1.71,14005,47071,18.46,,,
14478485,2023-02-06 10:44:48,UNG,PUT,,TO ASK,15,8.21,2023-02-17,100,68.20K,6.82,6.7,6.9,101,923,180.88,,,
14478484,2023-02-06 10:44:48,UNG,PUT,,TO BID,15,8.21,2023-04-21,100,68.40K,6.84,6.8,6.9,100,664,86.49,,,
14478486,2023-02-06 10:44:47,WBA,PUT,SWEEP,,35,36.34,2023-02-17,790,26.07K,0.33,0.31,0.34,876,3593,27.95,,,
14478483,2023-02-06 10:44:42,VIX,CALL,,AT BID,25,20.89,2023-03-22,276,36.43K,1.32,1.32,1.34,9638,90344,93.1,,,
14478482,2023-02-06 10:44:40,QQQ,PUT,,TO ASK,342,303.2,2023-06-16,151,603.09K,39.94,39.79,40,549,0,20.7,OPENING,,
14478481,2023-02-06 10:44:40,QQQ,PUT,,TO BID,321,303.2,2023-06-16,151,371.01K,24.57,24.53,24.63,1212,0,22.28,OPENING,,
14478480,2023-02-06 10:44:37,DIS,CALL,SWEEP,TO BID,110,108.77,2025-01-17,60,131.90K,21.98,21.95,22.25,73,1925,30.7,,,
14478479,2023-02-06 10:44:37,CE,CALL,,TO BID,120,121.94,2023-06-16,57,61.90K,10.86,10.8,11.4,62,22,33.35,OPENING,,
14478478,2023-02-06 10:44:37,CE,CALL,,TO ASK,115,121.94,2023-03-17,57,56.49K,9.91,8.9,10.5,59,192,37.64,,,
14478476,2023-02-06 10:44:36,PDD,PUT,,,93,90.53,2023-02-24,75,43.50K,5.8,5.75,5.85,79,31,56.17,OPENING,,
14478477,2023-02-06 10:44:34,TSLA,CALL,SWEEP,BLW BID,192.5,191.84,2023-02-10,63,46.72K,7.42,7.45,7.5,12133,4284,93.21,,,
14478475,2023-02-06 10:44:34,TSLA,PUT,SWEEP,ABV ASK,190,191.93,2023-02-10,59,39.01K,6.61,6.55,6.6,46416,6553,92.43,,,
14478474,2023-02-06 10:44:33,AMD,CALL,SWEEP,TO BID,60,84.2,2023-09-15,61,175.68K,28.8,28.75,29.2,61,237,51.66,,,
14478473,2023-02-06 10:44:32,BABA,PUT,SPLIT,,70,104.03,2024-01-19,100,40.70K,4.07,4.05,4.1,203,11218,50.47,,,
14478471,2023-02-06 10:44:32,VIX,CALL,,,25,20.89,2023-03-22,551,72.73K,1.32,1.29,1.34,9362,90344,93.13,,,
14478470,2023-02-06 10:44:28,TSLA,CALL,,AT BID,205,192.01,2023-02-10,80,28.00K,3.5,3.5,3.55,23612,8933,98.5,,,
14478469,2023-02-06 10:44:28,SPX,PUT,,BLW BID,4000,4113.54,2023-03-17,150,829.95K,55.33,55.7,56.1,638,115327,19.4,SPREAD,,
14478468,2023-02-06 10:44:28,SPX,CALL,,ABV ASK,4300,4113.54,2023-03-17,150,335.55K,22.37,21.8,22.1,190,32648,15.54,SPREAD,,
14478467,2023-02-06 10:44:25,SQQQ,CALL,SWEEP,AT ASK,36,35.7,2023-02-10,200,25.60K,1.28,1.27,1.28,9018,6393,92.19,,,
14478466,2023-02-06 10:44:25,AMZN,CALL,SWEEP,,102,101.03,2023-02-10,200,33.63K,1.68,1.68,1.69,5956,2011,47.92,,,
14478465,2023-02-06 10:44:23,AAPL,PUT,SWEEP,TO BID,155,151.56,2023-04-21,100,86.60K,8.66,8.65,8.7,780,6801,26.83,,,
14478464,2023-02-06 10:44:22,XOM,PUT,SWEEP,AT BID,110,110.62,2023-04-21,66,35.31K,5.35,5.35,5.4,672,5390,28.77,,,
14478462,2023-02-06 10:44:21,PLTR,CALL,SWEEP,AT BID,11,8.34,2023-06-16,449,26.49K,0.59,0.59,0.62,485,15251,67.13,,,
14478461,2023-02-06 10:44:21,CMI,CALL,,TO BID,250,251.9,2023-03-17,51,44.88K,8.8,8.7,9.1,54,521,24.43,,Post-Earnings,
14478460,2023-02-06 10:44:18,AMZN,CALL,,,102,101,2023-02-17,200,54.00K,2.7,2.68,2.71,1203,4208,43.55,,,
14478459,2023-02-06 10:44:15,AAPL,CALL,SWEEP,TO BID,148,151.61,2023-02-24,100,62.05K,6.21,6.2,6.25,122,2321,30.47,,,
14478457,2023-02-06 10:44:15,SPY,CALL,,AT BID,412,409.11,2023-03-03,150,98.40K,6.56,6.56,6.58,752,2212,16.99,,,
14478456,2023-02-06 10:44:13,TSLA,CALL,SWEEP,AT ASK,205,192.28,2023-02-10,154,55.44K,3.6,3.55,3.6,23532,8933,98.8,,,
14478455,2023-02-06 10:44:12,ARKK,CALL,SWEEP,AT ASK,50,42.05,2023-03-17,662,41.71K,0.63,0.59,0.63,1100,4083,51.81,,,
14478454,2023-02-06 10:44:12,SPX,PUT,,TO ASK,3650,4151.26,2023-06-16,1000,5.43M,54.3,54,54.4,1000,10008,23.88,,,
14478453,2023-02-06 10:44:11,SPY,CALL,,,407,409.15,2023-02-06,100,25.70K,2.57,2.54,2.59,3778,4489,28.57,,,
14478452,2023-02-06 10:44:09,TSLA,CALL,SWEEP,AT ASK,207.5,192.24,2023-02-10,200,61.00K,3.05,3,3.05,6666,4577,99.74,,,
14478450,2023-02-06 10:44:06,TSLA,PUT,SWEEP,TO BID,200,192.19,2023-02-10,105,130.74K,12.45,12.45,12.55,4753,8079,96.05,,,
14478449,2023-02-06 10:44:06,XLC,CALL,,AT ASK,67,57.38,2023-09-15,500,52.50K,1.05,0.9,1.05,500,0,19.59,OPEN SPREAD,,
14478448,2023-02-06 10:44:06,XLC,PUT,,TO BID,53,57.38,2023-09-15,500,110.00K,2.2,2.15,2.3,500,5,26.38,OPEN SPREAD,,
14478447,2023-02-06 10:44:06,TSLA,CALL,,TO ASK,192.5,192.28,2023-02-10,50,38.35K,7.67,7.6,7.7,12027,4284,93.14,,,
14478446,2023-02-06 10:44:04,SPY,PUT,SWEEP,AT ASK,390,409.07,2023-03-17,1500,582.00K,3.88,3.87,3.88,44784,99839,21.18,,,
14478439,2023-02-06 10:44:03,UNG,PUT,,TO BID,11,8.21,2023-03-17,100,29.90K,2.99,2.95,3.05,143,529,89.77,,,
14478438,2023-02-06 10:44:03,UNG,PUT,,,11,8.21,2023-02-17,100,28.40K,2.84,2.8,2.88,102,4014,112.91,,,
14478445,2023-02-06 10:44:02,AAPL,CALL,SWEEP,AT ASK,157.5,151.62,2023-02-17,275,34.38K,1.25,1.23,1.25,4762,7215,31.51,,,
14478436,2023-02-06 10:44:02,TSLA,PUT,,,190,192.29,2023-02-17,200,194.00K,9.7,9.65,9.75,5692,11112,81.95,,,
14478435,2023-02-06 10:44:02,QQQ,CALL,,AT BID,306,303.27,2023-02-06,997,39.88K,0.4,0.4,0.41,22462,2519,43.19,,,
14478437,2023-02-06 10:44:01,TSLA,CALL,SWEEP,BLW BID,195,192.49,2023-02-10,59,39.15K,6.63,6.65,6.75,31633,8851,93.9,,,
14478434,2023-02-06 10:43:59,TSLA,CALL,SWEEP,TO BID,182.5,192.57,2023-02-10,51,69.11K,13.55,13.5,13.65,1535,2454,91.03,,,
14478433,2023-02-06 10:43:59,TSLA,CALL,SWEEP,TO ASK,220,192.59,2023-02-17,75,26.99K,3.6,3.5,3.6,10433,31271,89.12,,,
14478432,2023-02-06 10:43:58,ULCC,CALL,SWEEP,BLW BID,12.5,13.77,2023-02-17,384,53.65K,1.4,1.4,1.45,540,1165,59.91,,,
14478431,2023-02-06 10:43:58,TSLA,CALL,SWEEP,TO ASK,200,192.53,2023-02-10,55,27.30K,4.96,4.9,5,67481,28709,95.97,,,
14478429,2023-02-06 10:43:57,SPX,CALL,,,4130,4103.21,2023-02-06,100,26.00K,2.6,2.55,2.65,12735,796,28.01,,,
14478428,2023-02-06 10:43:57,SPX,CALL,,,4105,4103.21,2023-02-06,100,103.00K,10.3,10.2,10.4,3027,179,27.81,,,
14478427,2023-02-06 10:43:57,GOOG,PUT,,AT ASK,102,102.68,2023-02-10,250,34.50K,1.38,1.37,1.38,1062,1405,39.29,,,
14478425,2023-02-06 10:43:57,NVDA,CALL,,AT ASK,220,211.76,2023-02-10,100,26.00K,2.6,2.56,2.6,17730,4980,62.09,,,
14478430,2023-02-06 10:43:55,TSLA,CALL,SWEEP,TO ASK,200,192.49,2023-02-10,79,39.45K,4.99,4.95,5,67427,28709,96.75,,,
14478426,2023-02-06 10:43:55,TSLA,PUT,SWEEP,AT ASK,145,192.6,2023-05-19,54,42.93K,7.95,7.85,7.95,253,2651,72.53,,,
14478423,2023-02-06 10:43:55,TSLA,CALL,,AT BID,195,192.63,2023-02-24,50,60.00K,12,12,12.05,1161,1618,74.92,,,
14478424,2023-02-06 10:43:53,CRWD,CALL,SWEEP,AT BID,115,113.05,2023-03-17,57,49.88K,8.75,8.75,8.9,126,2687,63.27,,,
14478422,2023-02-06 10:43:53,AAPL,CALL,SWEEP,AT BID,157.5,151.72,2023-02-10,517,26.88K,0.52,0.52,0.53,13012,31713,35.9,,,
14478421,2023-02-06 10:43:52,OXY,CALL,SWEEP,AT ASK,65,60.4,2024-01-19,51,40.80K,8,7.8,8,63,1062,39.6,,,
14478420,2023-02-06 10:43:51,TSLA,CALL,SWEEP,AT ASK,200,192.6,2023-02-10,158,79.00K,5,4.95,5,67345,28709,96.22,,,
14478413,2023-02-06 10:43:50,AAPL,PUT,,AT BID,135,151.75,2024-01-19,50,39.75K,7.95,7.95,8.05,1813,19009,30.41,,,
14478419,2023-02-06 10:43:49,AMZN,CALL,SWEEP,AT ASK,99,100.94,2023-03-17,85,53.55K,6.3,6.2,6.3,106,4398,38.12,,,
14478418,2023-02-06 10:43:49,TSLA,PUT,SWEEP,AT BID,152.5,192.62,2023-03-03,160,40.80K,2.55,2.55,2.6,341,561,82.22,,,
14478416,2023-02-06 10:43:48,AAPL,CALL,SPLIT,AT ASK,150,151.72,2023-02-10,118,38.35K,3.25,3.2,3.25,5360,10652,35.23,,,
14478415,2023-02-06 10:43:48,AAPL,CALL,SWEEP,TO ASK,160,151.71,2023-06-16,200,146.91K,7.35,7.25,7.35,888,32401,27.36,,,
14478414,2023-02-06 10:43:48,SOXS,CALL,SWEEP,AT BID,19,20.66,2023-02-10,183,37.52K,2.05,2.05,2.1,5329,276,113.61,,,
14478412,2023-02-06 10:43:48,TSLA,CALL,SWEEP,AT ASK,205,192.66,2023-02-17,55,37.13K,6.75,6.7,6.75,4604,6220,84.78,,,
14478409,2023-02-06 10:43:47,ATVI,CALL,,AT ASK,70,72.39,2023-02-17,200,92.00K,4.6,4.45,4.6,547,262,63.62,,Pre-Earnings,
14478411,2023-02-06 10:43:46,TSLA,PUT,SWEEP,TO BID,190,192.57,2023-02-10,62,39.09K,6.3,6.3,6.35,46276,6553,92.08,,,
14478408,2023-02-06 10:43:46,PDD,PUT,,TO ASK,103,90.31,2023-02-10,75,95.63K,12.75,12.55,12.9,163,268,70,,,
14478407,2023-02-06 10:43:42,PLTR,CALL,SWEEP,AT BID,12,8.34,2023-05-19,1000,35.00K,0.35,0.35,0.37,1045,7893,71.04,,,
14478405,2023-02-06 10:43:42,SPY,CALL,,AT BID,408,409.04,2023-02-10,135,58.45K,4.33,4.33,4.35,3862,10569,20.65,,,
14478406,2023-02-06 10:43:41,SPY,CALL,SWEEP,AT ASK,408,409.01,2023-02-10,603,261.10K,4.33,4.32,4.33,4036,10569,20.72,,,
14478402,2023-02-06 10:43:40,PDD,PUT,,AT ASK,92,90.31,2023-02-24,75,40.13K,5.35,5.15,5.35,88,38,56.42,OPENING,,
14478404,2023-02-06 10:43:39,SPY,CALL,SWEEP,AT ASK,422,408.98,2023-02-10,841,25.23K,0.3,0.29,0.3,2477,9396,19.81,,,
14478403,2023-02-06 10:43:38,SPY,CALL,SWEEP,AT BID,408,408.98,2023-02-10,248,106.89K,4.31,4.31,4.33,3433,10569,20.71,,,
14478400,2023-02-06 10:43:35,PDD,PUT,,AT BID,103,90.36,2023-02-10,75,96.00K,12.8,12.8,12.95,88,268,79.7,,,
14478399,2023-02-06 10:43:33,SPX,PUT,SPLIT,TO BID,4100,4101.55,2023-02-06,107,114.77K,10.73,10.7,10.9,15692,6038,28.79,,,
14478396,2023-02-06 10:43:33,AAPL,CALL,,AT ASK,152.5,151.57,2023-02-24,92,32.66K,3.55,3.5,3.55,465,1731,29.06,,,
14478395,2023-02-06 10:43:33,AAPL,CALL,,TO BID,152.5,151.57,2023-03-03,92,38.27K,4.16,4.15,4.2,625,2944,28.15,,,
14478398,2023-02-06 10:43:32,MS,CALL,SWEEP,TO ASK,95,98.17,2025-01-17,55,95.14K,17.3,16.95,17.4,252,2191,27.73,,,
14478397,2023-02-06 10:43:32,BAC,PUT,SWEEP,AT ASK,36,36.03,2023-02-24,800,56.80K,0.71,0.7,0.71,1030,2222,23.91,,,
14478392,2023-02-06 10:43:31,XOM,CALL,,AT BID,110,110.64,2024-01-19,100,128.00K,12.8,12.8,13.05,106,7517,28.22,,,
14478394,2023-02-06 10:43:30,SPY,CALL,SWEEP,AT BID,408,409,2023-02-10,139,60.19K,4.33,4.33,4.35,3185,10569,20.77,,,
14478393,2023-02-06 10:43:30,TSLA,CALL,SPLIT,AT ASK,260,192.02,2023-03-17,80,25.60K,3.2,3.15,3.2,1039,5546,76.6,,,
14478390,2023-02-06 10:43:29,QQQ,PUT,,,321,303.16,2023-06-16,304,748.45K,24.62,24.57,24.67,981,0,22.31,OPENING,,
14478389,2023-02-06 10:43:29,QQQ,PUT,,TO ASK,341,303.16,2023-06-16,304,1.19M,39.15,39.01,39.26,1101,0,20.79,OPENING,,
14478391,2023-02-06 10:43:28,NVDA,CALL,SWEEP,,215,211.36,2023-02-10,100,40.50K,4.05,4,4.1,14116,4476,61.36,,,
14478388,2023-02-06 10:43:27,CRWD,CALL,SWEEP,AT BID,125,112.97,2023-03-17,52,25.74K,4.95,4.95,5.1,94,1542,61.84,,,
14478387,2023-02-06 10:43:26,META,CALL,,TO ASK,175,187.13,2023-02-17,62,89.28K,14.4,14.3,14.45,184,12376,50.04,,,
14478385,2023-02-06 10:43:25,CRWD,CALL,,TO BID,105,112.97,2023-06-16,100,199.20K,19.92,19.8,20.1,101,520,56.49,,,
14478383,2023-02-06 10:43:25,AMZN,PUT,,AT ASK,95,100.75,2023-07-21,117,76.05K,6.5,6.45,6.5,478,4367,37.9,,,
14478386,2023-02-06 10:43:23,TSLA,CALL,SWEEP,TO ASK,200,192.06,2023-03-03,64,79.89K,12.48,12.4,12.5,879,5133,77.28,,,
14478384,2023-02-06 10:43:23,MRNA,CALL,SPLIT,TO ASK,170,172.66,2023-02-17,80,61.79K,7.72,7.55,7.85,95,277,51.09,,,
14478380,2023-02-06 10:43:23,QQQ,PUT,,AT BID,280,303.18,2023-02-17,517,33.09K,0.64,0.64,0.65,5663,130165,33.29,,,
14478382,2023-02-06 10:43:22,QQQ,PUT,SWEEP,AT BID,280,303.19,2023-02-17,2194,140.42K,0.64,0.64,0.65,5687,130165,33.3,,,
14478376,2023-02-06 10:43:21,QQQ,PUT,,TO ASK,270,303.17,2023-04-21,232,85.84K,3.7,3.67,3.71,462,11468,29.73,,,
14478379,2023-02-06 10:43:20,AMZN,PUT,SWEEP,AT ASK,95,100.76,2023-07-21,101,65.65K,6.5,6.4,6.5,360,4367,37.92,,,
14478378,2023-02-06 10:43:19,ENPH,PUT,SWEEP,AT ASK,130,226.78,2024-01-19,187,204.76K,10.95,10.9,10.95,239,588,68.62,,,
14478377,2023-02-06 10:43:19,VLO,PUT,SPLIT,AT ASK,140,126.35,2023-02-17,55,81.13K,14.75,14.7,14.75,458,1058,39.96,,,
14478375,2023-02-06 10:43:18,QQQ,PUT,SPLIT,AT ASK,270,303.23,2023-04-21,168,61.99K,3.69,3.66,3.69,230,11468,29.72,,,
14478369,2023-02-06 10:43:17,SQQQ,CALL,,,35,35.7,2023-06-16,100,66.50K,6.65,6.6,6.7,121,3690,74.75,,,
14478371,2023-02-06 10:43:15,SPY,PUT,SWEEP,,409,409.05,2023-02-06,865,100.53K,1.16,1.15,1.16,132052,11450,28.24,,,
14478370,2023-02-06 10:43:15,SPY,PUT,SWEEP,ABV ASK,408,409.05,2023-02-06,595,43.75K,0.74,0.72,0.73,113989,16396,28.25,,,
14478368,2023-02-06 10:43:15,TSLA,PUT,,AT ASK,187.5,192.04,2023-02-10,50,27.00K,5.4,5.35,5.4,7642,4009,92,,,
14478366,2023-02-06 10:43:13,SPY,CALL,SWEEP,AT ASK,420,409.04,2023-03-17,200,99.60K,4.98,4.97,4.98,2977,62425,16.3,,,
14478365,2023-02-06 10:43:13,SPY,PUT,,AT BID,416,409.04,2023-03-03,100,104.40K,10.44,10.44,10.47,165,1204,16.43,,,
14478364,2023-02-06 10:43:13,SPY,PUT,,,412,409.04,2023-02-14,100,63.00K,6.3,6.26,6.35,226,464,19.85,,,
14478363,2023-02-06 10:43:12,TSLA,PUT,,AT ASK,192.5,192.05,2023-02-10,71,55.73K,7.85,7.8,7.85,12187,2677,92.99,,,
14478362,2023-02-06 10:43:11,SE,CALL,,AT BID,65,67.02,2024-01-19,200,363.00K,18.15,18.15,18.45,375,1441,62.69,,,
14478361,2023-02-06 10:43:08,TSLA,CALL,SWEEP,AT ASK,192.5,192.06,2023-02-17,98,108.29K,11.05,10.95,11.05,1710,2513,82.57,,,
14478359,2023-02-06 10:43:08,IWM,CALL,,AT BID,197,193.96,2023-02-17,236,48.38K,2.05,2.05,2.06,1227,4130,23.7,SPREAD,,
14478358,2023-02-06 10:43:08,IWM,PUT,,ABV ASK,190,193.96,2023-02-17,236,41.77K,1.77,1.74,1.75,5423,96990,25.9,SPREAD,,
14478357,2023-02-06 10:43:03,SIL,CALL,SWEEP,AT BID,28,28.7,2023-03-17,221,40.88K,1.85,1.85,1.95,222,48,37.44,OPENING,,
14478356,2023-02-06 10:43:02,SPY,CALL,SWEEP,AT ASK,412,409.06,2023-02-10,121,29.40K,2.43,2.42,2.43,10942,4816,20.39,,,
14478355,2023-02-06 10:43:01,SQQQ,CALL,SPLIT,AT ASK,43,35.69,2023-06-16,100,45.50K,4.55,4.5,4.55,100,364,82.29,,,
14478354,2023-02-06 10:42:58,AAPL,CALL,SWEEP,AT ASK,157.5,151.65,2023-02-17,400,50.00K,1.25,1.24,1.25,3983,7215,31.42,,,
14478351,2023-02-06 10:42:56,AMZN,PUT,,AT ASK,95,100.97,2023-03-17,143,35.03K,2.45,2.43,2.45,3302,29010,39.33,SPREAD,,
14478350,2023-02-06 10:42:56,AMZN,PUT,,AT BID,95,100.97,2023-02-17,285,26.50K,0.93,0.93,0.94,4407,39465,44.78,SPREAD,,
14478353,2023-02-06 10:42:55,NVDA,CALL,SPLIT,TO ASK,180,211.74,2023-02-17,100,328.00K,32.8,31.7,33.2,117,5109,65.13,,,
14478352,2023-02-06 10:42:54,MSFT,PUT,SPLIT,AT ASK,252.5,256.17,2023-02-17,92,37.72K,4.1,4,4.1,1445,1243,31.6,,,
14478347,2023-02-06 10:42:54,AMZN,PUT,,AT ASK,95,100.97,2023-03-17,222,54.39K,2.45,2.43,2.45,3049,29010,39.33,SPREAD,,
14478345,2023-02-06 10:42:54,AMZN,PUT,,ABV ASK,95,100.97,2023-03-17,223,54.63K,2.45,2.43,2.44,2766,29010,39.36,,,
14478344,2023-02-06 10:42:54,QQQ,CALL,,,355,303.37,2024-01-19,264,281.16K,10.65,10.5,10.81,401,5482,20.11,,,
14478343,2023-02-06 10:42:54,QQQ,CALL,,,335,303.37,2024-01-19,264,471.24K,17.85,17.7,18.01,454,4158,21.5,,,
14478341,2023-02-06 10:42:53,AMZN,PUT,,AT ASK,95,100.95,2023-03-17,185,45.33K,2.45,2.43,2.45,2543,29010,39.31,SPREAD,,
14478340,2023-02-06 10:42:53,AMZN,PUT,,AT ASK,95,100.95,2023-03-17,199,48.76K,2.45,2.43,2.45,2194,29010,39.31,,,
14478339,2023-02-06 10:42:53,AMZN,PUT,,AT ASK,95,100.95,2023-03-17,265,64.92K,2.45,2.43,2.45,1787,29010,39.31,,,
14478346,2023-02-06 10:42:52,NVDA,CALL,SPLIT,AT ASK,212.5,211.69,2023-02-10,75,39.00K,5.2,5.15,5.2,8647,1751,60.59,,,
14478342,2023-02-06 10:42:51,QQQ,CALL,SWEEP,AT ASK,320,303.3,2023-03-10,100,28.10K,2.81,2.78,2.81,187,597,22.64,,,
14478337,2023-02-06 10:42:49,SHC,CALL,SWEEP,AT ASK,20,17.74,2023-08-18,253,46.80K,1.85,1.65,1.85,916,107,48.64,OPENING,,
14478336,2023-02-06 10:42:49,CRWD,PUT,SWEEP,AT BID,110,113.02,2023-03-17,54,41.58K,7.7,7.7,7.8,109,2109,64.52,,,
14478332,2023-02-06 10:42:49,AMZN,PUT,,AT ASK,95,100.95,2023-03-17,207,50.51K,2.44,2.43,2.44,1513,29010,39.22,SPREAD,,
14478335,2023-02-06 10:42:48,SHEL,CALL,SWEEP,TO ASK,65,57.34,2023-07-21,711,74.64K,1.05,1,1.05,1148,2015,22.38,,,
14478334,2023-02-06 10:42:48,SPY,PUT,SWEEP,AT BID,410,409.13,2023-02-10,100,39.40K,3.94,3.94,3.95,11808,15470,20.57,,,
14478333,2023-02-06 10:42:47,SHC,CALL,SWEEP,AT ASK,20,17.75,2023-08-18,200,37.00K,1.85,1.65,1.85,662,107,48.5,OPENING,,
14478330,2023-02-06 10:42:47,SPX,PUT,,TO BID,2200,4150.57,2023-06-16,100,34.80K,3.48,3.4,3.6,200,25444,47.36,SPREAD,,
14478329,2023-02-06 10:42:47,SPX,PUT,,TO BID,3100,4150.57,2023-06-16,100,169.40K,16.94,16.8,17.1,204,24086,31.46,SPREAD,,
14478328,2023-02-06 10:42:47,SPX,PUT,,TO BID,3100,4150.57,2023-06-16,100,169.40K,16.94,16.8,17.1,104,24086,31.46,SPREAD,,
14478327,2023-02-06 10:42:47,SPX,PUT,,TO BID,2200,4150.57,2023-06-16,100,34.80K,3.48,3.4,3.6,100,25444,47.36,SPREAD,,
14478331,2023-02-06 10:42:45,SHC,CALL,SWEEP,AT ASK,20,17.75,2023-08-18,221,40.88K,1.85,1.65,1.85,462,107,48.55,OPENING,,
14478326,2023-02-06 10:42:45,BIDU,CALL,SPLIT,AT ASK,128,138.99,2023-02-10,76,88.54K,11.65,11.3,11.65,2,91,64.24,,,
14478322,2023-02-06 10:42:44,BHP,PUT,,AT BID,57.5,65.52,2024-01-19,75,33.75K,4.5,4.5,4.7,77,281,31.76,,,
14478325,2023-02-06 10:42:43,SHC,CALL,SWEEP,TO ASK,20,17.77,2023-08-18,240,44.40K,1.85,1.65,1.95,240,107,48.41,OPENING,,
14478321,2023-02-06 10:42:43,MSFT,CALL,,TO ASK,235,256.01,2023-04-21,85,233.41K,27.46,26.95,27.9,87,2288,29.94,,,
14478320,2023-02-06 10:42:43,MSFT,CALL,,TO BID,235,256.01,2023-03-17,85,206.63K,24.31,23.95,24.75,87,7027,31.45,,,
14478323,2023-02-06 10:42:42,SQ,PUT,SWEEP,AT BID,80,81.75,2023-02-17,150,45.00K,3,3,3.1,432,1733,68.37,,,
14478319,2023-02-06 10:42:40,TQQQ,PUT,SWEEP,AT ASK,25,24.77,2023-02-10,300,33.30K,1.11,1.09,1.11,6112,5877,92.84,,,
14478317,2023-02-06 10:42:40,QQQ,PUT,,TO ASK,340,303.17,2023-06-16,438,1.68M,38.3,38.14,38.38,1304,977,20.84,,,
14478316,2023-02-06 10:42:40,QQQ,PUT,,,321,303.17,2023-06-16,438,1.08M,24.61,24.56,24.66,606,0,22.31,OPENING,,
14478318,2023-02-06 10:42:39,SI,CALL,SWEEP,AT ASK,50,17.64,2023-05-19,500,80.00K,1.6,1.4,1.6,674,3358,177.09,,SSR,
14478314,2023-02-06 10:42:39,AMZN,CALL,,TO ASK,90,100.88,2023-02-17,90,102.24K,11.36,11.25,11.4,284,35236,48.33,,,
14478311,2023-02-06 10:42:38,SPY,PUT,,AT ASK,410,408.98,2023-02-17,100,58.80K,5.88,5.87,5.88,8047,35762,19.72,,,
14478315,2023-02-06 10:42:37,TSLA,PUT,SWEEP,AT BID,195,192,2023-02-10,51,47.43K,9.3,9.3,9.45,18801,6747,93.51,,,
14478310,2023-02-06 10:42:37,TSLA,PUT,,,180,191.95,2023-02-10,126,35.28K,2.8,2.78,2.82,20876,9232,91.41,,,
14478313,2023-02-06 10:42:36,TSLA,PUT,SWEEP,AT ASK,180,192.01,2023-02-10,145,40.60K,2.8,2.77,2.8,20877,9232,91.65,,,
14478312,2023-02-06 10:42:36,LI,CALL,SWEEP,AT BID,23,24.93,2023-03-17,179,59.97K,3.35,3.35,3.4,180,1536,70.44,,,
14478309,2023-02-06 10:42:32,TSLA,PUT,SPLIT,AT BID,192.5,192.3,2023-02-10,71,55.02K,7.75,7.75,7.8,12081,2677,93.26,,,
14478308,2023-02-06 10:42:31,SPY,CALL,SWEEP,AT BID,412,409.04,2023-02-07,210,25.83K,1.23,1.23,1.24,22590,3270,25.24,,,
14478306,2023-02-06 10:42:31,SPY,CALL,,,422,409,2023-03-03,133,34.05K,2.56,2.55,2.58,344,1383,15.76,,,
14478305,2023-02-06 10:42:28,C,PUT,SPLIT,AT ASK,47.5,50.02,2023-03-17,450,31.95K,0.71,0.7,0.71,904,30229,27.62,,,
14478304,2023-02-06 10:42:27,NVDA,PUT,SWEEP,AT BID,200,211.53,2023-02-10,200,29.80K,1.49,1.49,1.51,15213,7819,61.62,,,
14478303,2023-02-06 10:42:27,AMZN,CALL,SWEEP,AT BID,140,100.86,2024-01-19,67,25.13K,3.75,3.75,3.8,127,16312,32.27,,,
14478301,2023-02-06 10:42:27,TSLA,PUT,,,187.5,192.28,2023-02-10,102,54.06K,5.3,5.25,5.35,7589,4009,91.84,,,
14478302,2023-02-06 10:42:26,TSLA,CALL,SWEEP,,192.5,192.28,2023-02-10,103,79.36K,7.7,7.65,7.75,11672,4284,93.12,,,
14478300,2023-02-06 10:42:25,DD,CALL,SWEEP,AT ASK,77.5,72.09,2024-01-19,106,65.72K,6.2,6.1,6.2,106,163,27.43,,Pre-Earnings,
14478299,2023-02-06 10:42:25,DD,CALL,SPLIT,TO BID,80,72.09,2024-01-19,90,47.25K,5.25,5.2,5.4,100,1410,26.91,,Pre-Earnings,
14478293,2023-02-06 10:42:25,TQQQ,CALL,,TO ASK,22,24.77,2023-02-10,100,29.60K,2.96,2.92,2.98,663,2507,101.09,,,
14478298,2023-02-06 10:42:24,DIS,CALL,SWEEP,AT BID,115,108.81,2023-02-10,250,31.00K,1.24,1.24,1.26,1303,2837,72.16,,,
14478296,2023-02-06 10:42:24,AMZN,CALL,SPLIT,,101,100.94,2023-02-17,500,158.50K,3.17,3.15,3.2,1308,3086,43.99,,,
14478288,2023-02-06 10:42:24,UPST,CALL,,AT BID,20,20.79,2023-02-17,100,28.00K,2.8,2.8,2.89,195,14061,179.54,,,
14478287,2023-02-06 10:42:24,PSTG,PUT,,TO BID,28,29.66,2023-02-17,2500,120.00K,0.48,0.45,0.6,2500,4980,56.04,SPREAD,,
14478286,2023-02-06 10:42:24,PSTG,PUT,,TO ASK,28,29.66,2023-03-17,2500,352.50K,1.41,1.25,1.45,2500,428,58.22,OPEN SPREAD,,
14478295,2023-02-06 10:42:23,MSFT,PUT,SWEEP,TO ASK,252.5,255.92,2023-02-17,432,179.21K,4.15,4.05,4.15,1319,1243,31.34,,,
14478294,2023-02-06 10:42:23,SPY,CALL,SWEEP,,410,409.05,2023-02-06,431,32.78K,0.76,0.75,0.77,109728,2923,27.96,,,
14478292,2023-02-06 10:42:23,VIX,CALL,SPLIT,AT BID,25,20.91,2023-03-22,831,108.86K,1.31,1.31,1.32,8622,90344,92.43,,,
14478290,2023-02-06 10:42:22,SHEL,PUT,SWEEP,AT ASK,50,57.31,2024-01-19,106,27.56K,2.6,2.5,2.6,106,574,27.39,,,
14478285,2023-02-06 10:42:22,SPY,CALL,SWEEP,BLW BID,409,409.13,2023-02-06,224,27.37K,1.22,1.25,1.26,43280,2081,28.1,,,
14478279,2023-02-06 10:42:21,SPY,CALL,SWEEP,,410,409.13,2023-02-06,326,25.85K,0.79,0.79,0.8,109297,2923,28.1,,,
14478276,2023-02-06 10:42:20,NVDA,PUT,SWEEP,TO BID,210,211.68,2023-02-17,51,36.80K,7.22,7.2,7.3,1361,2915,55.43,,,
14478275,2023-02-06 10:42:19,XOM,PUT,SWEEP,AT BID,110,110.66,2023-02-10,200,25.40K,1.27,1.27,1.32,9024,4200,33.94,,,
14478272,2023-02-06 10:42:19,V,CALL,,AT BID,220,228.99,2024-01-19,400,1.24M,30.9,30.9,31.5,404,3038,24.47,,,
14478274,2023-02-06 10:42:18,VIX,CALL,SPLIT,AT BID,25,20.91,2023-03-22,831,108.86K,1.31,1.31,1.32,7791,90344,92.43,,,
14478273,2023-02-06 10:42:17,MSFT,CALL,SWEEP,,260,256.08,2023-02-17,490,178.85K,3.65,3.6,3.7,1250,14013,30.02,,,
14478271,2023-02-06 10:42:17,AMZN,CALL,SWEEP,,105,101.03,2023-02-17,325,53.47K,1.65,1.65,1.66,4754,25395,44.27,,,
14478270,2023-02-06 10:42:17,AMZN,CALL,SWEEP,AT BID,106,101.03,2023-02-10,1687,104.59K,0.62,0.62,0.64,6385,7236,51.15,,,
14478269,2023-02-06 10:42:17,AMZN,CALL,SWEEP,BLW BID,107,101.03,2023-02-17,428,49.31K,1.15,1.16,1.17,1564,19543,44.93,,,
14478266,2023-02-06 10:42:16,AMZN,CALL,SWEEP,BLW BID,107,101.03,2023-02-10,1457,70.28K,0.48,0.5,0.51,7991,4460,52.91,,,
14478263,2023-02-06 10:42:15,TSLA,CALL,SWEEP,AT BID,260,192.34,2023-03-17,80,26.00K,3.25,3.25,3.3,957,5546,76.62,,,
14478262,2023-02-06 10:42:15,SPY,PUT,,AT BID,394,409.13,2023-03-17,203,93.99K,4.63,4.63,4.64,42471,60015,20.45,,,
14478261,2023-02-06 10:42:15,SPY,PUT,,AT ASK,390,409.13,2023-03-17,203,78.56K,3.87,3.86,3.87,42364,99839,21.19,,,
14478260,2023-02-06 10:42:15,SPY,PUT,,AT ASK,390,409.13,2023-03-17,302,116.87K,3.87,3.86,3.87,42161,99839,21.19,,,
14478259,2023-02-06 10:42:15,SPY,PUT,,AT BID,394,409.13,2023-03-17,302,139.83K,4.63,4.63,4.64,42268,60015,20.45,,,
14478257,2023-02-06 10:42:15,SPY,PUT,,AT BID,394,409.15,2023-03-17,651,300.76K,4.62,4.62,4.64,41379,60015,20.44,,,
14478256,2023-02-06 10:42:15,SPY,PUT,,AT BID,390,409.15,2023-03-17,442,170.61K,3.86,3.86,3.87,41714,99839,21.18,,,
14478255,2023-02-06 10:42:15,SPY,PUT,,AT BID,394,409.15,2023-03-17,442,204.20K,4.62,4.62,4.64,41821,60015,20.44,,,
14478254,2023-02-06 10:42:15,GOOGL,PUT,,TO ASK,100,102.38,2023-07-21,263,170.95K,6.5,6.4,6.55,440,304,31.61,,,
14478253,2023-02-06 10:42:15,SPY,PUT,,AT BID,390,409.15,2023-03-17,651,251.29K,3.86,3.86,3.87,41272,99839,21.18,,,
14478251,2023-02-06 10:42:15,SPY,PUT,,AT BID,390,409.15,2023-03-17,1064,410.70K,3.86,3.86,3.87,40621,99839,21.18,,,
14478250,2023-02-06 10:42:15,SPY,PUT,,AT BID,394,409.15,2023-03-17,1064,491.57K,4.62,4.62,4.64,40728,60015,20.44,,,
14478249,2023-02-06 10:42:15,SPY,PUT,,AT BID,390,409.15,2023-03-17,1402,541.17K,3.86,3.86,3.87,39557,99839,21.18,,,
14478248,2023-02-06 10:42:15,SPY,PUT,,AT BID,394,409.15,2023-03-17,1402,647.72K,4.62,4.62,4.64,39664,60015,20.44,,,
14478247,2023-02-06 10:42:15,SPY,PUT,,AT ASK,390,409.15,2023-03-17,522,202.01K,3.87,3.86,3.87,38155,99839,21.2,,,
14478246,2023-02-06 10:42:15,SPY,PUT,,,394,409.15,2023-03-17,522,241.69K,4.63,4.62,4.64,38262,60015,20.46,,,
14478245,2023-02-06 10:42:15,SPY,PUT,,AT BID,390,409.15,2023-03-17,1297,500.64K,3.86,3.86,3.87,37633,99839,21.18,,,
14478244,2023-02-06 10:42:15,SPY,PUT,,AT BID,394,409.15,2023-03-17,1297,599.21K,4.62,4.62,4.63,37740,60015,20.44,,,
14478242,2023-02-06 10:42:15,SPY,PUT,,AT BID,390,409.15,2023-03-17,2914,1.12M,3.86,3.86,3.87,36336,99839,21.18,,,
14478241,2023-02-06 10:42:15,SPY,PUT,,AT BID,394,409.16,2023-03-17,2914,1.35M,4.62,4.62,4.63,36443,60015,20.44,,,
14478240,2023-02-06 10:42:14,SPY,PUT,,AT BID,390,409.17,2023-03-17,2365,912.89K,3.86,3.86,3.87,33422,99839,21.19,,,
14478239,2023-02-06 10:42:14,SPY,PUT,,AT BID,394,409.17,2023-03-17,2365,1.09M,4.62,4.62,4.63,33529,60015,20.45,,,
14478237,2023-02-06 10:42:14,SPY,PUT,,AT ASK,390,409.17,2023-03-17,108,41.69K,3.86,3.85,3.86,31057,99839,21.19,SPREAD,,
14478236,2023-02-06 10:42:14,SPY,PUT,,AT BID,394,409.17,2023-03-17,108,49.90K,4.62,4.62,4.63,31164,60015,20.45,SPREAD,,
14478258,2023-02-06 10:42:13,TSLA,CALL,SWEEP,TO ASK,192.5,192.38,2023-02-10,160,123.80K,7.74,7.7,7.75,11561,4284,92.95,,,
14478252,2023-02-06 10:42:13,AMZN,CALL,SWEEP,AT ASK,101,101.08,2023-02-17,500,162.50K,3.25,3.2,3.25,807,3086,44.11,,,
14478234,2023-02-06 10:42:13,SPY,PUT,,AT ASK,390,409.19,2023-03-17,524,202.26K,3.86,3.85,3.86,30892,99839,21.2,,,
14478233,2023-02-06 10:42:13,SPY,PUT,,AT BID,394,409.19,2023-03-17,524,242.09K,4.62,4.62,4.63,30999,60015,20.46,,,
14478230,2023-02-06 10:42:13,SPY,PUT,,AT BID,394,409.18,2023-03-17,731,337.72K,4.62,4.62,4.63,30429,60015,20.45,,,
14478229,2023-02-06 10:42:13,SPY,PUT,,AT BID,390,409.18,2023-03-17,731,282.17K,3.86,3.86,3.87,30322,99839,21.19,,,
14478228,2023-02-06 10:42:13,NIO,CALL,,TO ASK,5,10.8,2024-01-19,300,197.10K,6.57,6.3,6.65,450,6160,86.38,,,
14478227,2023-02-06 10:42:13,SPY,PUT,,AT BID,390,409.18,2023-03-17,2162,832.37K,3.85,3.85,3.86,29529,99839,21.17,,,
14478226,2023-02-06 10:42:13,SPY,PUT,,BLW BID,394,409.18,2023-03-17,2162,996.68K,4.61,4.62,4.63,29636,60015,20.43,,,
14478225,2023-02-06 10:42:13,SPY,PUT,BLOCK,AT BID,390,409.18,2023-03-17,5050,1.94M,3.85,3.85,3.86,27367,99839,21.17,,,
14478224,2023-02-06 10:42:13,SPY,PUT,BLOCK,BLW BID,394,409.18,2023-03-17,5050,2.33M,4.61,4.62,4.63,27474,60015,20.43,,,
14478223,2023-02-06 10:42:13,SPY,PUT,BLOCK,AT BID,390,409.18,2023-03-17,10753,4.14M,3.85,3.85,3.86,22317,99839,21.17,,,
14478222,2023-02-06 10:42:13,SPY,PUT,BLOCK,BLW BID,394,409.18,2023-03-17,10753,4.96M,4.61,4.62,4.63,22424,60015,20.43,,,
14478221,2023-02-06 10:42:13,SPY,PUT,,AT ASK,390,409.18,2023-03-17,3869,1.49M,3.86,3.85,3.86,11564,99839,21.19,,,
14478220,2023-02-06 10:42:13,SPY,PUT,,AT BID,394,409.18,2023-03-17,3869,1.79M,4.62,4.62,4.63,11671,60015,20.45,,,
14478219,2023-02-06 10:42:13,SPY,PUT,,AT ASK,390,409.19,2023-03-17,2318,894.75K,3.86,3.85,3.86,7601,99839,21.2,,,
14478218,2023-02-06 10:42:13,SPY,PUT,,AT ASK,394,409.19,2023-03-17,2318,1.07M,4.62,4.61,4.62,7708,60015,20.46,,,
14478243,2023-02-06 10:42:12,COF,CALL,SWEEP,TO BID,122,118.17,2023-02-17,1704,256.27K,1.5,1.5,1.7,1705,3512,35.22,,,
14478238,2023-02-06 10:42:12,DIS,PUT,SWEEP,TO BID,100,108.88,2025-01-17,60,67.00K,11.17,11.15,11.4,223,2989,32.22,,,
14478235,2023-02-06 10:42:12,VIX,CALL,SPLIT,AT BID,25,20.91,2023-03-22,1662,217.72K,1.31,1.31,1.32,6960,90344,92.43,,,
14478217,2023-02-06 10:42:11,TSLA,CALL,SWEEP,TO ASK,205,192.34,2023-02-17,100,66.48K,6.65,6.6,6.65,4539,6220,84.94,,,
14478215,2023-02-06 10:42:10,XOM,PUT,SWEEP,,108,110.7,2023-02-10,500,31.95K,0.64,0.64,0.65,2894,1406,35.68,,,
14478214,2023-02-06 10:42:10,DIS,PUT,SWEEP,TO ASK,100,108.88,2025-01-17,60,67.10K,11.18,11.05,11.2,163,2989,32.32,,,
14478210,2023-02-06 10:42:09,TSLA,CALL,,TO BID,190,192.36,2023-02-10,50,44.55K,8.91,8.9,9,14387,12610,92.41,,,
14478208,2023-02-06 10:42:09,CLFD,PUT,,,65,64.24,2023-02-17,100,32.00K,3.2,3,3.4,129,1059,62.24,,SSR,
14478211,2023-02-06 10:42:08,MSFT,PUT,SWEEP,TO ASK,252.5,255.97,2023-02-17,374,153.31K,4.1,4.05,4.1,887,1243,31.16,,,
14478209,2023-02-06 10:42:07,TSLA,PUT,SPLIT,,135,192.37,2023-06-16,69,49.34K,7.15,7.1,7.2,317,2583,71.4,,,
14478207,2023-02-06 10:42:07,TSLA,CALL,SWEEP,AT ASK,205,192.37,2023-02-10,217,78.12K,3.6,3.55,3.6,23223,8933,98.52,,,
14478204,2023-02-06 10:42:07,CCL,PUT,,TO BID,15,11.63,2025-01-17,1000,495.00K,4.95,4.9,5.05,3000,2221,51.47,SPREAD,,
14478203,2023-02-06 10:42:07,CCL,PUT,,TO BID,12.5,11.63,2023-06-16,1000,195.00K,1.95,1.94,1.98,3033,17851,55.91,SPREAD,,
14478206,2023-02-06 10:42:05,AMZN,PUT,SPLIT,AT BID,103,101.03,2023-02-24,73,32.85K,4.5,4.5,4.65,325,375,39.15,,,
14478205,2023-02-06 10:42:05,DIS,PUT,SWEEP,TO BID,100,108.88,2025-01-17,56,62.47K,11.15,11.05,11.4,98,2989,32.22,,,
14478200,2023-02-06 10:42:05,SPX,PUT,,TO ASK,2600,4190.36,2023-09-15,218,347.06K,15.92,15.7,16.1,546,6177,35.97,SPREAD,,
14478199,2023-02-06 10:42:05,SPX,PUT,,TO ASK,3200,4190.36,2023-09-15,218,887.91K,40.73,40.4,41,575,22017,28.17,SPREAD,,
14478201,2023-02-06 10:42:04,TSLA,CALL,SWEEP,AT ASK,200,192.34,2023-02-10,71,34.79K,4.9,4.85,4.9,66749,28709,96.16,,,
14478198,2023-02-06 10:42:04,SPX,PUT,,TO ASK,2550,4190.36,2023-09-15,218,322.20K,14.78,14.6,14.9,1146,1844,36.7,SPREAD,,
14478197,2023-02-06 10:42:04,SPX,PUT,,TO BID,3275,4190.36,2023-09-15,218,1.01M,46.27,46,46.6,546,1871,27.32,SPREAD,,
14478196,2023-02-06 10:42:04,SPX,PUT,,TO ASK,2600,4190.36,2023-09-15,328,522.18K,15.92,15.7,16.1,328,6177,35.97,SPREAD,,
14478195,2023-02-06 10:42:04,SPX,PUT,,TO ASK,3200,4190.36,2023-09-15,328,1.34M,40.73,40.4,41,357,22017,28.17,SPREAD,,
14478194,2023-02-06 10:42:04,SPX,PUT,,TO ASK,2550,4190.36,2023-09-15,328,484.78K,14.78,14.6,14.9,928,1844,36.7,SPREAD,,
14478193,2023-02-06 10:42:04,SPX,PUT,,TO BID,3275,4190.36,2023-09-15,328,1.52M,46.27,46,46.6,328,1871,27.32,SPREAD,,
14478192,2023-02-06 10:42:04,NFLX,PUT,,TO BID,290,362.35,2024-01-19,350,817.25K,23.35,23.25,23.75,350,1501,45.41,,,
14478191,2023-02-06 10:42:03,NVDA,CALL,,,220,211.84,2023-02-17,100,50.50K,5.05,5,5.1,1826,6999,55.47,,,
14478190,2023-02-06 10:42:00,SNOW,CALL,SPLIT,AT BID,170,159,2023-02-17,200,70.00K,3.5,3.5,3.65,927,1814,66.78,,,
14478188,2023-02-06 10:41:56,SPY,PUT,SWEEP,,410,409.21,2023-02-10,302,117.73K,3.9,3.9,3.91,11696,15470,20.58,,,
14478187,2023-02-06 10:41:55,AMD,CALL,SWEEP,AT BID,86,84.41,2023-02-10,395,52.53K,1.33,1.33,1.34,15007,2618,54.62,,,
14478181,2023-02-06 10:41:55,XLE,CALL,,TO ASK,90,84.78,2024-06-21,500,467.00K,9.34,8.9,9.35,500,169,28.44,OPEN SPREAD,,
14478180,2023-02-06 10:41:55,XLE,PUT,,AT BID,70,84.78,2024-06-21,500,240.00K,4.8,4.8,5.05,501,3350,31.55,SPREAD,,
